{'state': 0, 'message': '查询成功', 'pageCount': 1, 'countNum': 0, 'Tflag': 0, 'result': [{'name': '双色球', 'code': '2021075', 'detailsLink': '/c/2021-07-06/485702.shtml', 'videoLink': '/c/2021-07-06/485701.shtml', 'date': '2021-07-06(二)', 'week': '二', 'red': '12,15,16,21,22,29', 'blue': '01', 'blue2': '', 'sales': '347517338', 'poolmoney': '950267665', 'content': '江苏1注,陕西1注,共2注。', 'addmoney': '', 'addmoney2': '', 'msg': '', 'z2add': '', 'm2add': '', 'prizegrades': [{'type': 1, 'typenum': '2', 'typemoney': '10000000'}, {'type': 2, 'typenum': '55', 'typemoney': '435092'}, {'type': 3, 'typenum': '888', 'typemoney': '3000'}, {'type': 4, 'typenum': '52998', 'typemoney': '200'}, {'type': 5, 'typenum': '1089033', 'typemoney': '10'}, {'type': 6, 'typenum': '10081835', 'typemoney': '5'}, {'type': 7, 'typenum': '', 'typemoney': ''}]}, {'name': '双色球', 'code': '2021074', 'detailsLink': '/c/2021-07-04/485488.shtml', 'videoLink': '/c/2021-07-04/485487.shtml', 'date': '2021-07-04(日)', 'week': '日', 'red': '04,05,09,14,25,27', 'blue': '07', 'blue2': '', 'sales': '382266836', 'poolmoney': '898477373', 'content': '河北1注,辽宁2注,江苏1注,山东2注,湖北1注,广西4注,四川1注,陕西1注,深圳1注,共14注。', 'addmoney': '', 'addmoney2': '', 'msg': '', 'z2add': '', 'm2add': '', 'prizegrades': [{'type': 1, 'typenum': '14', 'typemoney': '5822076'}, {'type': 2, 'typenum': '163', 'typemoney': '88259'}, {'type': 3, 'typenum': '2839', 'typemoney': '3000'}, {'type': 4, 'typenum': '117710', 'typemoney': '200'}, {'type': 5, 'typenum': '1892436', 'typemoney': '10'}, {'type': 6, 'typenum': '15756412', 'typemoney': '5'}, {'type': 7, 'typenum': '', 'typemoney': ''}]}, {'name': '双色球', 'code': '2021073', 'detailsLink': '/c/2021-07-01/485469.shtml', 'videoLink': '/c/2021-07-01/485468.shtml', 'date': '2021-07-01(四)', 'week': '四', 'red': '01,06,18,22,24,25', 'blue': '08', 'blue2': '', 'sales': '353932932', 'poolmoney': '936827442', 'content': '重庆1注,湖北2注,云南1注,共4注。', 'addmoney': '', 'addmoney2': '', 'msg': '', 'z2add': '', 'm2add': '', 'prizegrades': [{'type': 1, 'typenum': '4', 'typemoney': '9536636'}, {'type': 2, 'typenum': '83', 'typemoney': '273291'}, {'type': 3, 'typenum': '1329', 'typemoney': '3000'}, {'type': 4, 'typenum': '70230', 'typemoney': '200'}, {'type': 5, 'typenum': '1423416', 'typemoney': '10'}, {'type': 6, 'typenum': '10085448', 'typemoney': '5'}, {'type': 7, 'typenum': '', 'typemoney': ''}]}, {'name': '双色球', 'code': '2021072', 'detailsLink': '/c/2021-06-29/485455.shtml', 'videoLink': '/c/2021-06-29/485454.shtml', 'date': '2021-06-29(二)', 'week': '二', 'red': '01,09,15,16,19,21', 'blue': '15', 'blue2': '', 'sales': '351515940', 'poolmoney': '906924437', 'content': '辽宁1注,浙江2注,共3注。', 'addmoney': '', 'addmoney2': '', 'msg': '', 'z2add': '', 'm2add': '', 'prizegrades': [{'type': 1, 'typenum': '3', 'typemoney': '10000000'}, {'type': 2, 'typenum': '105', 'typemoney': '275206'}, {'type': 3, 'typenum': '894', 'typemoney': '3000'}, {'type': 4, 'typenum': '49241', 'typemoney': '200'}, {'type': 5, 'typenum': '993424', 'typemoney': '10'}, {'type': 6, 'typenum': '6838341', 'typemoney': '5'}, {'type': 7, 'typenum': '', 'typemoney': ''}]}, {'name': '双色球', 'code': '2021071', 'detailsLink': '/c/2021-06-27/485441.shtml', 'videoLink': '/c/2021-06-27/485440.shtml', 'date': '2021-06-27(日)', 'week': '日', 'red': '01,07,24,31,32,33', 'blue': '08', 'blue2': '', 'sales': '384399388', 'poolmoney': '850234438', 'content': '上海1注,江苏1注,浙江1注,福建1注,四川1注,西藏1注,共6注。', 'addmoney': '', 'addmoney2': '', 'msg': '', 'z2add': '', 'm2add': '', 'prizegrades': [{'type': 1, 'typenum': '6', 'typemoney': '7393944'}, {'type': 2, 'typenum': '75', 'typemoney': '239394'}, {'type': 3, 'typenum': '1440', 'typemoney': '3000'}, {'type': 4, 'typenum': '67960', 'typemoney': '200'}, {'type': 5, 'typenum': '1217408', 'typemoney': '10'}, {'type': 6, 'typenum': '17290255', 'typemoney': '5'}, {'type': 7, 'typenum': '', 'typemoney': ''}]}, {'name': '双色球', 'code': '2021070', 'detailsLink': '/c/2021-06-24/485422.shtml', 'videoLink': '/c/2021-06-24/485421.shtml', 'date': '2021-06-24(四)', 'week': '四', 'red': '01,05,11,15,16,29', 'blue': '15', 'blue2': '', 'sales': '356032100', 'poolmoney': '840734349', 'content': '江苏1注,浙江1注,河南3注,广西1注,共6注。', 'addmoney': '', 'addmoney2': '', 'msg': '', 'z2add': '', 'm2add': '', 'prizegrades': [{'type': 1, 'typenum': '6', 'typemoney': '8972728'}, {'type': 2, 'typenum': '179', 'typemoney': '166455'}, {'type': 3, 'typenum': '980', 'typemoney': '3000'}, {'type': 4, 'typenum': '53848', 'typemoney': '200'}, {'type': 5, 'typenum': '1106832', 'typemoney': '10'}, {'type': 6, 'typenum': '6099191', 'typemoney': '5'}, {'type': 7, 'typenum': '', 'typemoney': ''}]}, {'name': '双色球', 'code': '2021069', 'detailsLink': '/c/2021-06-22/485408.shtml', 'videoLink': '/c/2021-06-22/485407.shtml', 'date': '2021-06-22(二)', 'week': '二', 'red': '06,11,18,20,23,26', 'blue': '05', 'blue2': '', 'sales': '348547620', 'poolmoney': '805184330', 'content': '北京1注,上海1注,江苏1注,浙江1注,新疆1注,共5注。', 'addmoney': '', 'addmoney2': '', 'msg': '', 'z2add': '', 'm2add': '', 'prizegrades': [{'type': 1, 'typenum': '5', 'typemoney': '8297648'}, {'type': 2, 'typenum': '130', 'typemoney': '158540'}, {'type': 3, 'typenum': '2322', 'typemoney': '3000'}, {'type': 4, 'typenum': '81432', 'typemoney': '200'}, {'type': 5, 'typenum': '1286895', 'typemoney': '10'}, {'type': 6, 'typenum': '10445152', 'typemoney': '5'}, {'type': 7, 'typenum': '', 'typemoney': ''}]}, {'name': '双色球', 'code': '2021068', 'detailsLink': '/c/2021-06-20/485294.shtml', 'videoLink': '/c/2021-06-20/485293.shtml', 'date': '2021-06-20(日)', 'week': '日', 'red': '04,14,18,24,31,32', 'blue': '15', 'blue2': '', 'sales': '381950996', 'poolmoney': '784841657', 'content': '北京1注,江苏1注,浙江1注,重庆1注,广东1注,四川1注,贵州1注,共7注。', 'addmoney': '', 'addmoney2': '', 'msg': '', 'z2add': '', 'm2add': '', 'prizegrades': [{'type': 1, 'typenum': '7', 'typemoney': '8662562'}, {'type': 2, 'typenum': '232', 'typemoney': '138135'}, {'type': 3, 'typenum': '801', 'typemoney': '3000'}, {'type': 4, 'typenum': '60674', 'typemoney': '200'}, {'type': 5, 'typenum': '1280696', 'typemoney': '10'}, {'type': 6, 'typenum': '6324307', 'typemoney': '5'}, {'type': 7, 'typenum': '', 'typemoney': ''}]}, {'name': '双色球', 'code': '2021067', 'detailsLink': '/c/2021-06-17/485275.shtml', 'videoLink': '/c/2021-06-17/485274.shtml', 'date': '2021-06-17(四)', 'week': '四', 'red': '01,11,19,23,25,29', 'blue': '09', 'blue2': '', 'sales': '352986918', 'poolmoney': '749337326', 'content': '河北1注,黑龙江1注,安徽1注,广东1注,新疆2注,共6注。', 'addmoney': '', 'addmoney2': '', 'msg': '', 'z2add': '', 'm2add': '', 'prizegrades': [{'type': 1, 'typenum': '6', 'typemoney': '7464865'}, {'type': 2, 'typenum': '61', 'typemoney': '303057'}, {'type': 3, 'typenum': '1349', 'typemoney': '3000'}, {'type': 4, 'typenum': '67848', 'typemoney': '200'}, {'type': 5, 'typenum': '1249765', 'typemoney': '10'}, {'type': 6, 'typenum': '13780675', 'typemoney': '5'}, {'type': 7, 'typenum': '', 'typemoney': ''}]}, {'name': '双色球', 'code': '2021066', 'detailsLink': '/c/2021-06-15/485261.shtml', 'videoLink': '/c/2021-06-15/485260.shtml', 'date': '2021-06-15(二)', 'week': '二', 'red': '02,06,19,26,30,33', 'blue': '15', 'blue2': '', 'sales': '343529368', 'poolmoney': '738667046', 'content': '山西2注,辽宁1注,重庆5注,广东1注,贵州1注,云南1注,宁夏2注,新疆1注,共14注。', 'addmoney': '', 'addmoney2': '', 'msg': '', 'z2add': '', 'm2add': '', 'prizegrades': [{'type': 1, 'typenum': '14', 'typemoney': '6436433'}, {'type': 2, 'typenum': '145', 'typemoney': '173362'}, {'type': 3, 'typenum': '1873', 'typemoney': '3000'}, {'type': 4, 'typenum': '52905', 'typemoney': '200'}, {'type': 5, 'typenum': '1078175', 'typemoney': '10'}, {'type': 6, 'typenum': '8159462', 'typemoney': '5'}, {'type': 7, 'typenum': '', 'typemoney': ''}]}, {'name': '双色球', 'code': '2021065', 'detailsLink': '/c/2021-06-13/485147.shtml', 'videoLink': '/c/2021-06-13/485146.shtml', 'date': '2021-06-13(日)', 'week': '日', 'red': '01,04,08,19,29,33', 'blue': '16', 'blue2': '', 'sales': '362527724', 'poolmoney': '753364365', 'content': '河南1注,广西1注,陕西1注,共3注。', 'addmoney': '', 'addmoney2': '', 'msg': '', 'z2add': '', 'm2add': '', 'prizegrades': [{'type': 1, 'typenum': '3', 'typemoney': '10000000'}, {'type': 2, 'typenum': '82', 'typemoney': '384177'}, {'type': 3, 'typenum': '883', 'typemoney': '3000'}, {'type': 4, 'typenum': '48427', 'typemoney': '200'}, {'type': 5, 'typenum': '1064673', 'typemoney': '10'}, {'type': 6, 'typenum': '5729443', 'typemoney': '5'}, {'type': 7, 'typenum': '', 'typemoney': ''}]}, {'name': '双色球', 'code': '2021064', 'detailsLink': '/c/2021-06-10/485028.shtml', 'videoLink': '/c/2021-06-10/485027.shtml', 'date': '2021-06-10(四)', 'week': '四', 'red': '04,06,08,15,16,18', 'blue': '16', 'blue2': '', 'sales': '353338262', 'poolmoney': '688856687', 'content': '内蒙古1注,黑龙江1注,浙江1注,山东1注,共4注。', 'addmoney': '', 'addmoney2': '', 'msg': '', 'z2add': '', 'm2add': '', 'prizegrades': [{'type': 1, 'typenum': '4', 'typemoney': '10000000'}, {'type': 2, 'typenum': '112', 'typemoney': '242377'}, {'type': 3, 'typenum': '1407', 'typemoney': '3000'}, {'type': 4, 'typenum': '59259', 'typemoney': '200'}, {'type': 5, 'typenum': '1150957', 'typemoney': '10'}, {'type': 6, 'typenum': '7393611', 'typemoney': '5'}, {'type': 7, 'typenum': '', 'typemoney': ''}]}, {'name': '双色球', 'code': '2021063', 'detailsLink': '/c/2021-06-08/484914.shtml', 'videoLink': '/c/2021-06-08/484913.shtml', 'date': '2021-06-08(二)', 'week': '二', 'red': '04,05,06,09,23,24', 'blue': '09', 'blue2': '', 'sales': '370142008', 'poolmoney': '647417696', 'content': '北京3注,辽宁2注,黑龙江1注,江苏1注,浙江1注,安徽1注,山东1注,湖北1注,广东1注,云南2注,深圳2注,共16注。', 'addmoney': '', 'addmoney2': '', 'msg': '', 'z2add': '', 'm2add': '', 'prizegrades': [{'type': 1, 'typenum': '16', 'typemoney': '5000000'}, {'type': 2, 'typenum': '106', 'typemoney': '6000'}, {'type': 3, 'typenum': '3611', 'typemoney': '3000'}, {'type': 4, 'typenum': '161374', 'typemoney': '200'}, {'type': 5, 'typenum': '2345956', 'typemoney': '10'}, {'type': 6, 'typenum': '33168514', 'typemoney': '5'}, {'type': 7, 'typenum': '', 'typemoney': ''}]}, {'name': '双色球', 'code': '2021062', 'detailsLink': '/c/2021-06-06/484900.shtml', 'videoLink': '/c/2021-06-06/484899.shtml', 'date': '2021-06-06(日)', 'week': '日', 'red': '12,13,15,20,22,25', 'blue': '10', 'blue2': '', 'sales': '405763536', 'poolmoney': '727417696', 'content': '上海1注,浙江1注,安徽1注,山东1注,四川1注,甘肃1注,共6注。', 'addmoney': '', 'addmoney2': '', 'msg': '', 'z2add': '', 'm2add': '', 'prizegrades': [{'type': 1, 'typenum': '6', 'typemoney': '8804175'}, {'type': 2, 'typenum': '67', 'typemoney': '425840'}, {'type': 3, 'typenum': '1323', 'typemoney': '3000'}, {'type': 4, 'typenum': '61966', 'typemoney': '200'}, {'type': 5, 'typenum': '1244768', 'typemoney': '10'}, {'type': 6, 'typenum': '11177798', 'typemoney': '5'}, {'type': 7, 'typenum': '', 'typemoney': ''}]}, {'name': '双色球', 'code': '2021061', 'detailsLink': '/c/2021-06-03/484781.shtml', 'videoLink': '/c/2021-06-03/484780.shtml', 'date': '2021-06-03(四)', 'week': '四', 'red': '04,09,12,18,20,23', 'blue': '01', 'blue2': '', 'sales': '376779952', 'poolmoney': '694648802', 'content': '上海1注,山东1注,广东1注,深圳1注,共4注。', 'addmoney': '', 'addmoney2': '', 'msg': '', 'z2add': '', 'm2add': '', 'prizegrades': [{'type': 1, 'typenum': '4', 'typemoney': '10000000'}, {'type': 2, 'typenum': '127', 'typemoney': '237150'}, {'type': 3, 'typenum': '959', 'typemoney': '3000'}, {'type': 4, 'typenum': '62484', 'typemoney': '200'}, {'type': 5, 'typenum': '1290322', 'typemoney': '10'}, {'type': 6, 'typenum': '7174534', 'typemoney': '5'}, {'type': 7, 'typenum': '', 'typemoney': ''}]}, {'name': '双色球', 'code': '2021060', 'detailsLink': '/c/2021-06-01/484767.shtml', 'videoLink': '/c/2021-06-01/484766.shtml', 'date': '2021-06-01(二)', 'week': '二', 'red': '10,11,17,20,29,30', 'blue': '15', 'blue2': '', 'sales': '365484344', 'poolmoney': '644294438', 'content': '内蒙古2注,吉林1注,浙江2注,陕西1注,共6注。', 'addmoney': '', 'addmoney2': '', 'msg': '', 'z2add': '', 'm2add': '', 'prizegrades': [{'type': 1, 'typenum': '6', 'typemoney': '8356965'}, {'type': 2, 'typenum': '163', 'typemoney': '154461'}, {'type': 3, 'typenum': '1661', 'typemoney': '3000'}, {'type': 4, 'typenum': '81825', 'typemoney': '200'}, {'type': 5, 'typenum': '1479247', 'typemoney': '10'}, {'type': 6, 'typenum': '8447580', 'typemoney': '5'}, {'type': 7, 'typenum': '', 'typemoney': ''}]}, {'name': '双色球', 'code': '2021059', 'detailsLink': '/c/2021-05-30/484653.shtml', 'videoLink': '/c/2021-05-30/484652.shtml', 'date': '2021-05-30(日)', 'week': '日', 'red': '01,09,11,18,32,33', 'blue': '14', 'blue2': '', 'sales': '407754588', 'poolmoney': '618904511', 'content': '广东1注,共1注。', 'addmoney': '', 'addmoney2': '', 'msg': '', 'z2add': '', 'm2add': '', 'prizegrades': [{'type': 1, 'typenum': '1', 'typemoney': '10000000'}, {'type': 2, 'typenum': '91', 'typemoney': '397078'}, {'type': 3, 'typenum': '1118', 'typemoney': '3000'}, {'type': 4, 'typenum': '53299', 'typemoney': '200'}, {'type': 5, 'typenum': '1079064', 'typemoney': '10'}, {'type': 6, 'typenum': '6091729', 'typemoney': '5'}, {'type': 7, 'typenum': '', 'typemoney': ''}]}, {'name': '双色球', 'code': '2021058', 'detailsLink': '/c/2021-05-27/484534.shtml', 'videoLink': '/c/2021-05-27/484533.shtml', 'date': '2021-05-27(四)', 'week': '四', 'red': '09,11,13,18,19,28', 'blue': '14', 'blue2': '', 'sales': '382666074', 'poolmoney': '520502015', 'content': '河北1注,安徽1注,广西2注,新疆1注,共5注。', 'addmoney': '', 'addmoney2': '', 'msg': '', 'z2add': '', 'm2add': '', 'prizegrades': [{'type': 1, 'typenum': '5', 'typemoney': '9893453'}, {'type': 2, 'typenum': '96', 'typemoney': '318584'}, {'type': 3, 'typenum': '904', 'typemoney': '3000'}, {'type': 4, 'typenum': '57701', 'typemoney': '200'}, {'type': 5, 'typenum': '1285673', 'typemoney': '10'}, {'type': 6, 'typenum': '7612220', 'typemoney': '5'}, {'type': 7, 'typenum': '', 'typemoney': ''}]}, {'name': '双色球', 'code': '2021057', 'detailsLink': '/c/2021-05-25/484420.shtml', 'videoLink': '/c/2021-05-25/484419.shtml', 'date': '2021-05-25(二)', 'week': '二', 'red': '05,06,09,17,25,33', 'blue': '16', 'blue2': '', 'sales': '379559152', 'poolmoney': '478217025', 'content': '河北1注,上海1注,山东1注,河南1注,广东2注,共6注。', 'addmoney': '', 'addmoney2': '', 'msg': '', 'z2add': '', 'm2add': '', 'prizegrades': [{'type': 1, 'typenum': '6', 'typemoney': '8882850'}, {'type': 2, 'typenum': '179', 'typemoney': '162689'}, {'type': 3, 'typenum': '1322', 'typemoney': '3000'}, {'type': 4, 'typenum': '84235', 'typemoney': '200'}, {'type': 5, 'typenum': '1724157', 'typemoney': '10'}, {'type': 6, 'typenum': '6288779', 'typemoney': '5'}, {'type': 7, 'typenum': '', 'typemoney': ''}]}, {'name': '双色球', 'code': '2021056', 'detailsLink': '/c/2021-05-23/484406.shtml', 'videoLink': '/c/2021-05-23/484405.shtml', 'date': '2021-05-23(日)', 'week': '日', 'red': '08,21,22,23,29,32', 'blue': '01', 'blue2': '', 'sales': '410076324', 'poolmoney': '444149990', 'content': '北京1注,辽宁1注,江苏1注,安徽1注,山东1注,河南1注,广东1注,广西1注,四川1注,甘肃1注,共10注。', 'addmoney': '', 'addmoney2': '', 'msg': '', 'z2add': '', 'm2add': '', 'prizegrades': [{'type': 1, 'typenum': '10', 'typemoney': '7488306'}, {'type': 2, 'typenum': '215', 'typemoney': '144669'}, {'type': 3, 'typenum': '1472', 'typemoney': '3000'}, {'type': 4, 'typenum': '78355', 'typemoney': '200'}, {'type': 5, 'typenum': '1468157', 'typemoney': '10'}, {'type': 6, 'typenum': '8350697', 'typemoney': '5'}, {'type': 7, 'typenum': '', 'typemoney': ''}]}, {'name': '双色球', 'code': '2021055', 'detailsLink': '/c/2021-05-20/484287.shtml', 'videoLink': '/c/2021-05-20/484286.shtml', 'date': '2021-05-20(四)', 'week': '四', 'red': '03,11,12,16,22,28', 'blue': '10', 'blue2': '', 'sales': '376647950', 'poolmoney': '425721551', 'content': '北京2注,河北4注,上海1注,浙江4注,安徽4注,福建1注,河南7注,广东2注,四川1注,贵州2注,云南1注,共29注。', 'addmoney': '', 'addmoney2': '', 'msg': '', 'z2add': '', 'm2add': '', 'prizegrades': [{'type': 1, 'typenum': '29', 'typemoney': '5553793'}, {'type': 2, 'typenum': '206', 'typemoney': '97451'}, {'type': 3, 'typenum': '2385', 'typemoney': '3000'}, {'type': 4, 'typenum': '110566', 'typemoney': '200'}, {'type': 5, 'typenum': '1811703', 'typemoney': '10'}, {'type': 6, 'typenum': '11374448', 'typemoney': '5'}, {'type': 7, 'typenum': '', 'typemoney': ''}]}, {'name': '双色球', 'code': '2021054', 'detailsLink': '/c/2021-05-18/484273.shtml', 'videoLink': '/c/2021-05-18/484272.shtml', 'date': '2021-05-18(二)', 'week': '二', 'red': '07,13,21,22,24,31', 'blue': '02', 'blue2': '', 'sales': '371689954', 'poolmoney': '526556537', 'content': '广东1注,广西1注,陕西1注,深圳1注,共4注。', 'addmoney': '', 'addmoney2': '', 'msg': '', 'z2add': '', 'm2add': '', 'prizegrades': [{'type': 1, 'typenum': '4', 'typemoney': '10000000'}, {'type': 2, 'typenum': '83', 'typemoney': '374991'}, {'type': 3, 'typenum': '708', 'typemoney': '3000'}, {'type': 4, 'typenum': '42478', 'typemoney': '200'}, {'type': 5, 'typenum': '947362', 'typemoney': '10'}, {'type': 6, 'typenum': '7507515', 'typemoney': '5'}, {'type': 7, 'typenum': '', 'typemoney': ''}]}, {'name': '双色球', 'code': '2021053', 'detailsLink': '/c/2021-05-16/484159.shtml', 'videoLink': '/c/2021-05-16/484158.shtml', 'date': '2021-05-16(日)', 'week': '日', 'red': '07,10,14,16,24,33', 'blue': '16', 'blue2': '', 'sales': '398009388', 'poolmoney': '473183576', 'content': '辽宁1注,山东1注,陕西1注,共3注。', 'addmoney': '', 'addmoney2': '', 'msg': '', 'z2add': '', 'm2add': '', 'prizegrades': [{'type': 1, 'typenum': '3', 'typemoney': '10000000'}, {'type': 2, 'typenum': '84', 'typemoney': '355480'}, {'type': 3, 'typenum': '1096', 'typemoney': '3000'}, {'type': 4, 'typenum': '60756', 'typemoney': '200'}, {'type': 5, 'typenum': '1230629', 'typemoney': '10'}, {'type': 6, 'typenum': '9567511', 'typemoney': '5'}, {'type': 7, 'typenum': '', 'typemoney': ''}]}, {'name': '双色球', 'code': '2021052', 'detailsLink': '/c/2021-05-13/484040.shtml', 'videoLink': '/c/2021-05-13/484039.shtml', 'date': '2021-05-13(四)', 'week': '四', 'red': '03,04,06,19,21,30', 'blue': '14', 'blue2': '', 'sales': '376039676', 'poolmoney': '413602410', 'content': '浙江1注,共1注。', 'addmoney': '', 'addmoney2': '', 'msg': '', 'z2add': '', 'm2add': '', 'prizegrades': [{'type': 1, 'typenum': '1', 'typemoney': '10000000'}, {'type': 2, 'typenum': '171', 'typemoney': '171643'}, {'type': 3, 'typenum': '1362', 'typemoney': '3000'}, {'type': 4, 'typenum': '66878', 'typemoney': '200'}, {'type': 5, 'typenum': '1388168', 'typemoney': '10'}, {'type': 6, 'typenum': '7102418', 'typemoney': '5'}, {'type': 7, 'typenum': '', 'typemoney': ''}]}, {'name': '双色球', 'code': '2021051', 'detailsLink': '/c/2021-05-11/484026.shtml', 'videoLink': '/c/2021-05-11/484025.shtml', 'date': '2021-05-11(二)', 'week': '二', 'red': '08,09,10,19,27,29', 'blue': '15', 'blue2': '', 'sales': '377624458', 'poolmoney': '335549357', 'content': '浙江1注,福建1注,山东1注,广东4注,云南1注,陕西2注,共10注。', 'addmoney': '', 'addmoney2': '', 'msg': '', 'z2add': '', 'm2add': '', 'prizegrades': [{'type': 1, 'typenum': '10', 'typemoney': '6796944'}, {'type': 2, 'typenum': '309', 'typemoney': '72691'}, {'type': 3, 'typenum': '2165', 'typemoney': '3000'}, {'type': 4, 'typenum': '120940', 'typemoney': '200'}, {'type': 5, 'typenum': '1746527', 'typemoney': '10'}, {'type': 6, 'typenum': '9408099', 'typemoney': '5'}, {'type': 7, 'typenum': '', 'typemoney': ''}]}, {'name': '双色球', 'code': '2021050', 'detailsLink': '/c/2021-05-09/483912.shtml', 'videoLink': '/c/2021-05-09/483911.shtml', 'date': '2021-05-09(日)', 'week': '日', 'red': '02,09,10,16,25,28', 'blue': '08', 'blue2': '', 'sales': '403433980', 'poolmoney': '336133387', 'content': '北京1注,山西2注,内蒙古2注,辽宁3注,浙江4注,福建1注,山东2注,重庆1注,河南1注,湖南1注,广东1注,宁夏3注,共22注。', 'addmoney': '', 'addmoney2': '', 'msg': '', 'z2add': '', 'm2add': '', 'prizegrades': [{'type': 1, 'typenum': '22', 'typemoney': '5598001'}, {'type': 2, 'typenum': '248', 'typemoney': '66310'}, {'type': 3, 'typenum': '3639', 'typemoney': '3000'}, {'type': 4, 'typenum': '138091', 'typemoney': '200'}, {'type': 5, 'typenum': '2069574', 'typemoney': '10'}, {'type': 6, 'typenum': '14534301', 'typemoney': '5'}, {'type': 7, 'typenum': '', 'typemoney': ''}]}, {'name': '双色球', 'code': '2021049', 'detailsLink': '/c/2021-05-06/483893.shtml', 'videoLink': '/c/2021-05-06/483892.shtml', 'date': '2021-05-06(四)', 'week': '四', 'red': '04,11,13,22,25,32', 'blue': '01', 'blue2': '', 'sales': '375111072', 'poolmoney': '409954275', 'content': '内蒙古3注,山东1注,共4注。', 'addmoney': '', 'addmoney2': '', 'msg': '', 'z2add': '', 'm2add': '', 'prizegrades': [{'type': 1, 'typenum': '4', 'typemoney': '10000000'}, {'type': 2, 'typenum': '78', 'typemoney': '440233'}, {'type': 3, 'typenum': '570', 'typemoney': '3000'}, {'type': 4, 'typenum': '36849', 'typemoney': '200'}, {'type': 5, 'typenum': '833050', 'typemoney': '10'}, {'type': 6, 'typenum': '5808232', 'typemoney': '5'}, {'type': 7, 'typenum': '', 'typemoney': ''}]}, {'name': '双色球', 'code': '2021048', 'detailsLink': '/c/2021-05-04/483779.shtml', 'videoLink': '/c/2021-05-04/483778.shtml', 'date': '2021-05-04(二)', 'week': '二', 'red': '04,15,17,22,29,32', 'blue': '03', 'blue2': '', 'sales': '339198590', 'poolmoney': '346939552', 'content': '河北1注,浙江1注,共2注。', 'addmoney': '', 'addmoney2': '', 'msg': '', 'z2add': '', 'm2add': '', 'prizegrades': [{'type': 1, 'typenum': '2', 'typemoney': '10000000'}, {'type': 2, 'typenum': '64', 'typemoney': '394580'}, {'type': 3, 'typenum': '872', 'typemoney': '3000'}, {'type': 4, 'typenum': '49389', 'typemoney': '200'}, {'type': 5, 'typenum': '981344', 'typemoney': '10'}, {'type': 6, 'typenum': '8577511', 'typemoney': '5'}, {'type': 7, 'typenum': '', 'typemoney': ''}]}, {'name': '双色球', 'code': '2021047', 'detailsLink': '/c/2021-05-02/483765.shtml', 'videoLink': '/c/2021-05-02/483764.shtml', 'date': '2021-05-02(日)', 'week': '日', 'red': '03,07,13,16,24,29', 'blue': '01', 'blue2': '', 'sales': '367123752', 'poolmoney': '291180168', 'content': '山西1注,山东1注,河南1注,湖北1注,广东1注,共5注。', 'addmoney': '', 'addmoney2': '', 'msg': '', 'z2add': '', 'm2add': '', 'prizegrades': [{'type': 1, 'typenum': '5', 'typemoney': '9419460'}, {'type': 2, 'typenum': '231', 'typemoney': '119574'}, {'type': 3, 'typenum': '1279', 'typemoney': '3000'}, {'type': 4, 'typenum': '77757', 'typemoney': '200'}, {'type': 5, 'typenum': '1479677', 'typemoney': '10'}, {'type': 6, 'typenum': '7043793', 'typemoney': '5'}, {'type': 7, 'typenum': '', 'typemoney': ''}]}, {'name': '双色球', 'code': '2021046', 'detailsLink': '/c/2021-04-29/483746.shtml', 'videoLink': '/c/2021-04-29/483745.shtml', 'date': '2021-04-29(四)', 'week': '四', 'red': '05,09,13,21,28,33', 'blue': '06', 'blue2': '', 'sales': '377425810', 'poolmoney': '255412592', 'content': '山西1注,内蒙古5注,浙江1注,安徽1注,山东2注,广东5注,四川5注,贵州1注,云南1注,陕西2注,共24注。', 'addmoney': '', 'addmoney2': '', 'msg': '', 'z2add': '', 'm2add': '', 'prizegrades': [{'type': 1, 'typenum': '24', 'typemoney': '5735971'}, {'type': 2, 'typenum': '122', 'typemoney': '180976'}, {'type': 3, 'typenum': '1736', 'typemoney': '3000'}, {'type': 4, 'typenum': '82894', 'typemoney': '200'}, {'type': 5, 'typenum': '1471684', 'typemoney': '10'}, {'type': 6, 'typenum': '12023685', 'typemoney': '5'}, {'type': 7, 'typenum': '', 'typemoney': ''}]}, {'name': '双色球', 'code': '2021045', 'detailsLink': '/c/2021-04-27/483632.shtml', 'videoLink': '/c/2021-04-27/483631.shtml', 'date': '2021-04-27(二)', 'week': '二', 'red': '01,04,14,15,17,32', 'blue': '02', 'blue2': '', 'sales': '377279966', 'poolmoney': '326838472', 'content': '浙江1注,湖北2注,云南2注,西藏1注,共6注。', 'addmoney': '', 'addmoney2': '', 'msg': '', 'z2add': '', 'm2add': '', 'prizegrades': [{'type': 1, 'typenum': '6', 'typemoney': '8717208'}, {'type': 2, 'typenum': '86', 'typemoney': '324175'}, {'type': 3, 'typenum': '1241', 'typemoney': '3000'}, {'type': 4, 'typenum': '58766', 'typemoney': '200'}, {'type': 5, 'typenum': '1208538', 'typemoney': '10'}, {'type': 6, 'typenum': '9157872', 'typemoney': '5'}, {'type': 7, 'typenum': '', 'typemoney': ''}]}, {'name': '双色球', 'code': '2021044', 'detailsLink': '/c/2021-04-25/483417.shtml', 'videoLink': '/c/2021-04-25/483416.shtml', 'date': '2021-04-25(日)', 'week': '日', 'red': '05,07,14,17,26,28', 'blue': '13', 'blue2': '', 'sales': '418973684', 'poolmoney': '295504539', 'content': '广西5注,共5注。', 'addmoney': '', 'addmoney2': '', 'msg': '', 'z2add': '', 'm2add': '', 'prizegrades': [{'type': 1, 'typenum': '5', 'typemoney': '10000000'}, {'type': 2, 'typenum': '160', 'typemoney': '213373'}, {'type': 3, 'typenum': '1040', 'typemoney': '3000'}, {'type': 4, 'typenum': '66683', 'typemoney': '200'}, {'type': 5, 'typenum': '1365326', 'typemoney': '10'}, {'type': 6, 'typenum': '7725647', 'typemoney': '5'}, {'type': 7, 'typenum': '', 'typemoney': ''}]}, {'name': '双色球', 'code': '2021043', 'detailsLink': '/c/2021-04-22/483398.shtml', 'videoLink': '/c/2021-04-22/483397.shtml', 'date': '2021-04-22(四)', 'week': '四', 'red': '02,03,17,18,23,24', 'blue': '01', 'blue2': '', 'sales': '389948810', 'poolmoney': '243085282', 'content': '河北1注,黑龙江1注,福建1注,共3注。', 'addmoney': '', 'addmoney2': '', 'msg': '', 'z2add': '', 'm2add': '', 'prizegrades': [{'type': 1, 'typenum': '3', 'typemoney': '10000000'}, {'type': 2, 'typenum': '93', 'typemoney': '331233'}, {'type': 3, 'typenum': '1009', 'typemoney': '3000'}, {'type': 4, 'typenum': '57800', 'typemoney': '200'}, {'type': 5, 'typenum': '1208576', 'typemoney': '10'}, {'type': 6, 'typenum': '8236635', 'typemoney': '5'}, {'type': 7, 'typenum': '', 'typemoney': ''}]}, {'name': '双色球', 'code': '2021042', 'detailsLink': '/c/2021-04-20/483284.shtml', 'videoLink': '/c/2021-04-20/483283.shtml', 'date': '2021-04-20(二)', 'week': '二', 'red': '05,09,10,22,25,27', 'blue': '08', 'blue2': '', 'sales': '382918124', 'poolmoney': '180671046', 'content': '山西3注,内蒙古1注,吉林1注,江苏1注,浙江4注,安徽1注,河南1注,湖北1注,湖南1注,广西3注,贵州1注,陕西3注,甘肃2注,宁夏1注,新疆2注,共26注。', 'addmoney': '', 'addmoney2': '', 'msg': '', 'z2add': '', 'm2add': '', 'prizegrades': [{'type': 1, 'typenum': '26', 'typemoney': '5498446'}, {'type': 2, 'typenum': '275', 'typemoney': '58907'}, {'type': 3, 'typenum': '3405', 'typemoney': '3000'}, {'type': 4, 'typenum': '137211', 'typemoney': '200'}, {'type': 5, 'typenum': '2165911', 'typemoney': '10'}, {'type': 6, 'typenum': '12703100', 'typemoney': '5'}, {'type': 7, 'typenum': '', 'typemoney': ''}]}, {'name': '双色球', 'code': '2021041', 'detailsLink': '/c/2021-04-18/483170.shtml', 'videoLink': '/c/2021-04-18/483169.shtml', 'date': '2021-04-18(日)', 'week': '日', 'red': '02,09,18,23,26,32', 'blue': '14', 'blue2': '', 'sales': '415676146', 'poolmoney': '275032108', 'content': '北京3注,天津1注,河北1注,内蒙古1注,辽宁2注,黑龙江2注,上海1注,江苏2注,浙江2注,福建1注,江西1注,山东7注,重庆4注,河南3注,湖北1注,广东4注,广西2注,四川6注,云南2注,陕西2注,甘肃2注,宁夏1注,新疆2注,深圳1注,共54注。', 'addmoney': '', 'addmoney2': '', 'msg': '', 'z2add': '', 'm2add': '', 'prizegrades': [{'type': 1, 'typenum': '54', 'typemoney': '5307817'}, {'type': 2, 'typenum': '367', 'typemoney': '56614'}, {'type': 3, 'typenum': '5538', 'typemoney': '3000'}, {'type': 4, 'typenum': '149845', 'typemoney': '200'}, {'type': 5, 'typenum': '1990456', 'typemoney': '10'}, {'type': 6, 'typenum': '10816631', 'typemoney': '5'}, {'type': 7, 'typenum': '', 'typemoney': ''}]}, {'name': '双色球', 'code': '2021040', 'detailsLink': '/c/2021-04-15/483151.shtml', 'videoLink': '/c/2021-04-15/483150.shtml', 'date': '2021-04-15(四)', 'week': '四', 'red': '02,06,07,24,28,29', 'blue': '16', 'blue2': '', 'sales': '385858982', 'poolmoney': '499321280', 'content': '河北2注,山西1注,浙江1注,安徽1注,湖北1注,共6注。', 'addmoney': '', 'addmoney2': '', 'msg': '', 'z2add': '', 'm2add': '', 'prizegrades': [{'type': 1, 'typenum': '6', 'typemoney': '8652104'}, {'type': 2, 'typenum': '238', 'typemoney': '115087'}, {'type': 3, 'typenum': '1700', 'typemoney': '3000'}, {'type': 4, 'typenum': '77607', 'typemoney': '200'}, {'type': 5, 'typenum': '1344201', 'typemoney': '10'}, {'type': 6, 'typenum': '9088870', 'typemoney': '5'}, {'type': 7, 'typenum': '', 'typemoney': ''}]}, {'name': '双色球', 'code': '2021039', 'detailsLink': '/c/2021-04-13/483037.shtml', 'videoLink': '/c/2021-04-13/483036.shtml', 'date': '2021-04-13(二)', 'week': '二', 'red': '02,08,21,24,29,31', 'blue': '13', 'blue2': '', 'sales': '377513042', 'poolmoney': '469061553', 'content': '江苏1注,重庆1注,广东1注,四川4注,共7注。', 'addmoney': '', 'addmoney2': '', 'msg': '', 'z2add': '', 'm2add': '', 'prizegrades': [{'type': 1, 'typenum': '7', 'typemoney': '7814665'}, {'type': 2, 'typenum': '105', 'typemoney': '234555'}, {'type': 3, 'typenum': '1353', 'typemoney': '3000'}, {'type': 4, 'typenum': '69340', 'typemoney': '200'}, {'type': 5, 'typenum': '1334305', 'typemoney': '10'}, {'type': 6, 'typenum': '11039608', 'typemoney': '5'}, {'type': 7, 'typenum': '', 'typemoney': ''}]}, {'name': '双色球', 'code': '2021038', 'detailsLink': '/c/2021-04-11/482923.shtml', 'videoLink': '/c/2021-04-11/482922.shtml', 'date': '2021-04-11(日)', 'week': '日', 'red': '05,07,09,16,18,27', 'blue': '06', 'blue2': '', 'sales': '401665288', 'poolmoney': '449879238', 'content': '辽宁2注,黑龙江2注,安徽1注,福建1注,山东1注,河南1注,广东4注,广西2注,海南1注,陕西15注,青海1注,新疆1注,共32注。', 'addmoney': '', 'addmoney2': '', 'msg': '', 'z2add': '', 'm2add': '', 'prizegrades': [{'type': 1, 'typenum': '32', 'typemoney': '5502610'}, {'type': 2, 'typenum': '539', 'typemoney': '37299'}, {'type': 3, 'typenum': '3373', 'typemoney': '3000'}, {'type': 4, 'typenum': '146841', 'typemoney': '200'}, {'type': 5, 'typenum': '2362122', 'typemoney': '10'}, {'type': 6, 'typenum': '10657993', 'typemoney': '5'}, {'type': 7, 'typenum': '', 'typemoney': ''}]}, {'name': '双色球', 'code': '2021037', 'detailsLink': '/c/2021-04-08/482804.shtml', 'videoLink': '/c/2021-04-08/482803.shtml', 'date': '2021-04-08(四)', 'week': '四', 'red': '13,17,19,24,26,30', 'blue': '12', 'blue2': '', 'sales': '374416372', 'poolmoney': '565649555', 'content': '内蒙古1注,黑龙江1注,安徽1注,广东2注,四川2注,共7注。', 'addmoney': '', 'addmoney2': '', 'msg': '', 'z2add': '', 'm2add': '', 'prizegrades': [{'type': 1, 'typenum': '7', 'typemoney': '7856624'}, {'type': 2, 'typenum': '104', 'typemoney': '240340'}, {'type': 3, 'typenum': '1257', 'typemoney': '3000'}, {'type': 4, 'typenum': '69907', 'typemoney': '200'}, {'type': 5, 'typenum': '1362825', 'typemoney': '10'}, {'type': 6, 'typenum': '10420304', 'typemoney': '5'}, {'type': 7, 'typenum': '', 'typemoney': ''}]}, {'name': '双色球', 'code': '2021036', 'detailsLink': '/c/2021-04-06/482590.shtml', 'videoLink': '/c/2021-04-06/482589.shtml', 'date': '2021-04-06(二)', 'week': '二', 'red': '01,02,06,11,21,26', 'blue': '11', 'blue2': '', 'sales': '365524430', 'poolmoney': '545659537', 'content': '天津1注,河北1注,内蒙古1注,福建2注,山东1注,海南2注,四川1注,云南1注,陕西1注,新疆1注,共12注。', 'addmoney': '', 'addmoney2': '', 'msg': '', 'z2add': '', 'm2add': '', 'prizegrades': [{'type': 1, 'typenum': '12', 'typemoney': '6690644'}, {'type': 2, 'typenum': '137', 'typemoney': '185107'}, {'type': 3, 'typenum': '1583', 'typemoney': '3000'}, {'type': 4, 'typenum': '75152', 'typemoney': '200'}, {'type': 5, 'typenum': '1283138', 'typemoney': '10'}, {'type': 6, 'typenum': '9011510', 'typemoney': '5'}, {'type': 7, 'typenum': '', 'typemoney': ''}]}, {'name': '双色球', 'code': '2021035', 'detailsLink': '/c/2021-04-04/482475.shtml', 'videoLink': '/c/2021-04-04/482478.shtml', 'date': '2021-04-04(日)', 'week': '日', 'red': '12,14,18,20,26,28', 'blue': '11', 'blue2': '', 'sales': '382205894', 'poolmoney': '549868285', 'content': '河北1注,辽宁1注,上海1注,河南1注,广东2注,深圳1注,共7注。', 'addmoney': '', 'addmoney2': '', 'msg': '', 'z2add': '', 'm2add': '', 'prizegrades': [{'type': 1, 'typenum': '7', 'typemoney': '7844638'}, {'type': 2, 'typenum': '153', 'typemoney': '162683'}, {'type': 3, 'typenum': '1043', 'typemoney': '3000'}, {'type': 4, 'typenum': '59213', 'typemoney': '200'}, {'type': 5, 'typenum': '1198261', 'typemoney': '10'}, {'type': 6, 'typenum': '12152869', 'typemoney': '5'}, {'type': 7, 'typenum': '', 'typemoney': ''}]}, {'name': '双色球', 'code': '2021034', 'detailsLink': '/c/2021-04-01/482457.shtml', 'videoLink': '/c/2021-04-01/482456.shtml', 'date': '2021-04-01(四)', 'week': '四', 'red': '04,10,12,18,23,25', 'blue': '01', 'blue2': '', 'sales': '377894218', 'poolmoney': '530109002', 'content': '广东1注,四川1注,贵州2注,深圳1注,共5注。', 'addmoney': '', 'addmoney2': '', 'msg': '', 'z2add': '', 'm2add': '', 'prizegrades': [{'type': 1, 'typenum': '5', 'typemoney': '8852481'}, {'type': 2, 'typenum': '155', 'typemoney': '155342'}, {'type': 3, 'typenum': '1405', 'typemoney': '3000'}, {'type': 4, 'typenum': '78984', 'typemoney': '200'}, {'type': 5, 'typenum': '1512448', 'typemoney': '10'}, {'type': 6, 'typenum': '10743968', 'typemoney': '5'}, {'type': 7, 'typenum': '', 'typemoney': ''}]}, {'name': '双色球', 'code': '2021033', 'detailsLink': '/c/2021-03-30/482243.shtml', 'videoLink': '/c/2021-03-30/482242.shtml', 'date': '2021-03-30(二)', 'week': '二', 'red': '02,12,13,14,31,33', 'blue': '06', 'blue2': '', 'sales': '378842354', 'poolmoney': '502137377', 'content': '辽宁1注,浙江1注,深圳5注,共7注。', 'addmoney': '', 'addmoney2': '', 'msg': '', 'z2add': '', 'm2add': '', 'prizegrades': [{'type': 1, 'typenum': '7', 'typemoney': '8001905'}, {'type': 2, 'typenum': '98', 'typemoney': '268027'}, {'type': 3, 'typenum': '1015', 'typemoney': '3000'}, {'type': 4, 'typenum': '58449', 'typemoney': '200'}, {'type': 5, 'typenum': '1174569', 'typemoney': '10'}, {'type': 6, 'typenum': '10817113', 'typemoney': '5'}, {'type': 7, 'typenum': '', 'typemoney': ''}]}, {'name': '双色球', 'code': '2021032', 'detailsLink': '/c/2021-03-28/482128.shtml', 'videoLink': '/c/2021-03-28/482133.shtml', 'date': '2021-03-28(日)', 'week': '日', 'red': '01,05,08,15,16,30', 'blue': '03', 'blue2': '', 'sales': '421020572', 'poolmoney': '479350693', 'content': '天津2注,河北2注,上海1注,江苏1注,浙江1注,山东1注,河南1注,贵州1注,陕西1注,新疆1注,共12注。', 'addmoney': '', 'addmoney2': '', 'msg': '', 'z2add': '', 'm2add': '', 'prizegrades': [{'type': 1, 'typenum': '12', 'typemoney': '6977206'}, {'type': 2, 'typenum': '187', 'typemoney': '158599'}, {'type': 3, 'typenum': '1541', 'typemoney': '3000'}, {'type': 4, 'typenum': '81404', 'typemoney': '200'}, {'type': 5, 'typenum': '1523897', 'typemoney': '10'}, {'type': 6, 'typenum': '10304984', 'typemoney': '5'}, {'type': 7, 'typenum': '', 'typemoney': ''}]}, {'name': '双色球', 'code': '2021031', 'detailsLink': '/c/2021-03-25/482010.shtml', 'videoLink': '/c/2021-03-25/482009.shtml', 'date': '2021-03-25(四)', 'week': '四', 'red': '06,11,21,25,28,31', 'blue': '07', 'blue2': '', 'sales': '389664660', 'poolmoney': '474102879', 'content': '北京1注,内蒙古2注,安徽1注,福建2注,江西1注,陕西2注,新疆3注,共12注。', 'addmoney': '', 'addmoney2': '', 'msg': '', 'z2add': '', 'm2add': '', 'prizegrades': [{'type': 1, 'typenum': '12', 'typemoney': '5950364'}, {'type': 2, 'typenum': '166', 'typemoney': '85876'}, {'type': 3, 'typenum': '2965', 'typemoney': '3000'}, {'type': 4, 'typenum': '127476', 'typemoney': '200'}, {'type': 5, 'typenum': '1988965', 'typemoney': '10'}, {'type': 6, 'typenum': '15926787', 'typemoney': '5'}, {'type': 7, 'typenum': '', 'typemoney': ''}]}, {'name': '双色球', 'code': '2021030', 'detailsLink': '/c/2021-03-23/481896.shtml', 'videoLink': '/c/2021-03-23/481895.shtml', 'date': '2021-03-23(二)', 'week': '二', 'red': '08,09,13,27,29,31', 'blue': '05', 'blue2': '', 'sales': '388490602', 'poolmoney': '502740835', 'content': '浙江1注,安徽1注,山东1注,河南2注,广东1注,四川1注,共7注。', 'addmoney': '', 'addmoney2': '', 'msg': '', 'z2add': '', 'm2add': '', 'prizegrades': [{'type': 1, 'typenum': '7', 'typemoney': '8232900'}, {'type': 2, 'typenum': '143', 'typemoney': '197817'}, {'type': 3, 'typenum': '1361', 'typemoney': '3000'}, {'type': 4, 'typenum': '74815', 'typemoney': '200'}, {'type': 5, 'typenum': '1580208', 'typemoney': '10'}, {'type': 6, 'typenum': '8472158', 'typemoney': '5'}, {'type': 7, 'typenum': '', 'typemoney': ''}]}, {'name': '双色球', 'code': '2021029', 'detailsLink': '/c/2021-03-21/481782.shtml', 'videoLink': '/c/2021-03-21/481781.shtml', 'date': '2021-03-21(日)', 'week': '日', 'red': '08,10,15,17,22,30', 'blue': '12', 'blue2': '', 'sales': '413514858', 'poolmoney': '475507497', 'content': '山西1注,黑龙江2注,江苏1注,浙江3注,福建3注,山东1注,重庆2注,河南1注,湖北1注,湖南1注,四川1注,共17注。', 'addmoney': '', 'addmoney2': '', 'msg': '', 'z2add': '', 'm2add': '', 'prizegrades': [{'type': 1, 'typenum': '17', 'typemoney': '5716335'}, {'type': 2, 'typenum': '234', 'typemoney': '65051'}, {'type': 3, 'typenum': '4149', 'typemoney': '3000'}, {'type': 4, 'typenum': '155643', 'typemoney': '200'}, {'type': 5, 'typenum': '2296641', 'typemoney': '10'}, {'type': 6, 'typenum': '15038352', 'typemoney': '5'}, {'type': 7, 'typenum': '', 'typemoney': ''}]}, {'name': '双色球', 'code': '2021028', 'detailsLink': '/c/2021-03-18/481663.shtml', 'videoLink': '/c/2021-03-18/481662.shtml', 'date': '2021-03-18(四)', 'week': '四', 'red': '11,16,23,26,27,33', 'blue': '05', 'blue2': '', 'sales': '387583114', 'poolmoney': '527018817', 'content': '天津1注,江苏2注,浙江1注,四川1注,贵州1注,云南1注,共7注。', 'addmoney': '', 'addmoney2': '', 'msg': '', 'z2add': '', 'm2add': '', 'prizegrades': [{'type': 1, 'typenum': '7', 'typemoney': '7433674'}, {'type': 2, 'typenum': '125', 'typemoney': '170357'}, {'type': 3, 'typenum': '1653', 'typemoney': '3000'}, {'type': 4, 'typenum': '81797', 'typemoney': '200'}, {'type': 5, 'typenum': '1492269', 'typemoney': '10'}, {'type': 6, 'typenum': '13699206', 'typemoney': '5'}, {'type': 7, 'typenum': '', 'typemoney': ''}]}, {'name': '双色球', 'code': '2021027', 'detailsLink': '/c/2021-03-16/481649.shtml', 'videoLink': '/c/2021-03-16/481648.shtml', 'date': '2021-03-16(二)', 'week': '二', 'red': '05,07,09,16,20,26', 'blue': '08', 'blue2': '', 'sales': '371997822', 'poolmoney': '515170584', 'content': '北京1注,天津1注,上海2注,江苏1注,浙江4注,山东4注,重庆1注,河南2注,湖北2注,广东3注,四川2注,共23注。', 'addmoney': '', 'addmoney2': '', 'msg': '', 'z2add': '', 'm2add': '', 'prizegrades': [{'type': 1, 'typenum': '23', 'typemoney': '5339305'}, {'type': 2, 'typenum': '391', 'typemoney': '24948'}, {'type': 3, 'typenum': '4253', 'typemoney': '3000'}, {'type': 4, 'typenum': '179331', 'typemoney': '200'}, {'type': 5, 'typenum': '2670711', 'typemoney': '10'}, {'type': 6, 'typenum': '13585289', 'typemoney': '5'}, {'type': 7, 'typenum': '', 'typemoney': ''}]}, {'name': '双色球', 'code': '2021026', 'detailsLink': '/c/2021-03-14/481535.shtml', 'videoLink': '/c/2021-03-14/481534.shtml', 'date': '2021-03-14(日)', 'week': '日', 'red': '03,05,13,19,20,25', 'blue': '03', 'blue2': '', 'sales': '415303494', 'poolmoney': '608709487', 'content': '北京1注,天津1注,河北4注,山西2注,内蒙古5注,辽宁2注,黑龙江1注,上海5注,江苏5注,浙江4注,安徽2注,福建3注,江西1注,山东12注,河南1注,湖北3注,湖南1注,广东8注,广西4注,四川1注,贵州3注,陕西1注,甘肃2注,宁夏2注,共74注。', 'addmoney': '', 'addmoney2': '', 'msg': '', 'z2add': '', 'm2add': '', 'prizegrades': [{'type': 1, 'typenum': '74', 'typemoney': '5079572'}, {'type': 2, 'typenum': '829', 'typemoney': '8878'}, {'type': 3, 'typenum': '10054', 'typemoney': '3000'}, {'type': 4, 'typenum': '262251', 'typemoney': '200'}, {'type': 5, 'typenum': '2868799', 'typemoney': '10'}, {'type': 6, 'typenum': '12551309', 'typemoney': '5'}, {'type': 7, 'typenum': '', 'typemoney': ''}]}, {'name': '双色球', 'code': '2021025', 'detailsLink': '/c/2021-03-11/481515.shtml', 'videoLink': '/c/2021-03-11/481519.shtml', 'date': '2021-03-11(四)', 'week': '四', 'red': '06,08,14,17,18,30', 'blue': '11', 'blue2': '', 'sales': '370761350', 'poolmoney': '962516400', 'content': '江苏1注,浙江3注,陕西1注,新疆1注,共6注。', 'addmoney': '', 'addmoney2': '', 'msg': '', 'z2add': '', 'm2add': '', 'prizegrades': [{'type': 1, 'typenum': '6', 'typemoney': '8396506'}, {'type': 2, 'typenum': '166', 'typemoney': '153456'}, {'type': 3, 'typenum': '1286', 'typemoney': '3000'}, {'type': 4, 'typenum': '81196', 'typemoney': '200'}, {'type': 5, 'typenum': '1621302', 'typemoney': '10'}, {'type': 6, 'typenum': '8693532', 'typemoney': '5'}, {'type': 7, 'typenum': '', 'typemoney': ''}]}, {'name': '双色球', 'code': '2021024', 'detailsLink': '/c/2021-03-09/481401.shtml', 'videoLink': '/c/2021-03-09/481402.shtml', 'date': '2021-03-09(二)', 'week': '二', 'red': '01,04,06,10,11,18', 'blue': '02', 'blue2': '', 'sales': '360465214', 'poolmoney': '936474051', 'content': '广东3注,甘肃1注,新疆1注,共5注。', 'addmoney': '', 'addmoney2': '', 'msg': '', 'z2add': '', 'm2add': '', 'prizegrades': [{'type': 1, 'typenum': '5', 'typemoney': '9223370'}, {'type': 2, 'typenum': '139', 'typemoney': '189899'}, {'type': 3, 'typenum': '1532', 'typemoney': '3000'}, {'type': 4, 'typenum': '71981', 'typemoney': '200'}, {'type': 5, 'typenum': '1379701', 'typemoney': '10'}, {'type': 6, 'typenum': '7650897', 'typemoney': '5'}, {'type': 7, 'typenum': '', 'typemoney': ''}]}, {'name': '双色球', 'code': '2021023', 'detailsLink': '/c/2021-03-07/481288.shtml', 'videoLink': '/c/2021-03-07/481287.shtml', 'date': '2021-03-07(日)', 'week': '日', 'red': '02,21,22,23,27,28', 'blue': '11', 'blue2': '', 'sales': '397987234', 'poolmoney': '903402709', 'content': '安徽1注,江西1注,广西1注,四川1注,共4注。', 'addmoney': '', 'addmoney2': '', 'msg': '', 'z2add': '', 'm2add': '', 'prizegrades': [{'type': 1, 'typenum': '4', 'typemoney': '9744205'}, {'type': 2, 'typenum': '85', 'typemoney': '279070'}, {'type': 3, 'typenum': '1493', 'typemoney': '3000'}, {'type': 4, 'typenum': '78678', 'typemoney': '200'}, {'type': 5, 'typenum': '1452819', 'typemoney': '10'}, {'type': 6, 'typenum': '13077370', 'typemoney': '5'}, {'type': 7, 'typenum': '', 'typemoney': ''}]}, {'name': '双色球', 'code': '2021022', 'detailsLink': '/c/2021-03-04/481269.shtml', 'videoLink': '/c/2021-03-04/481268.shtml', 'date': '2021-03-04(四)', 'week': '四', 'red': '10,15,17,25,31,32', 'blue': '06', 'blue2': '', 'sales': '361605820', 'poolmoney': '871216452', 'content': '北京1注,吉林1注,四川1注,共3注。', 'addmoney': '', 'addmoney2': '', 'msg': '', 'z2add': '', 'm2add': '', 'prizegrades': [{'type': 1, 'typenum': '3', 'typemoney': '10000000'}, {'type': 2, 'typenum': '84', 'typemoney': '266346'}, {'type': 3, 'typenum': '1454', 'typemoney': '3000'}, {'type': 4, 'typenum': '77079', 'typemoney': '200'}, {'type': 5, 'typenum': '1424865', 'typemoney': '10'}, {'type': 6, 'typenum': '10733570', 'typemoney': '5'}, {'type': 7, 'typenum': '', 'typemoney': ''}]}, {'name': '双色球', 'code': '2021021', 'detailsLink': '/c/2021-03-02/481055.shtml', 'videoLink': '/c/2021-03-02/481054.shtml', 'date': '2021-03-02(二)', 'week': '二', 'red': '04,08,17,24,28,33', 'blue': '13', 'blue2': '', 'sales': '350734702', 'poolmoney': '834097039', 'content': '北京10注,上海1注,浙江1注,山东3注,广东1注,广西1注,四川1注,陕西1注,共19注。', 'addmoney': '', 'addmoney2': '', 'msg': '', 'z2add': '', 'm2add': '', 'prizegrades': [{'type': 1, 'typenum': '19', 'typemoney': '5979263'}, {'type': 2, 'typenum': '155', 'typemoney': '150048'}, {'type': 3, 'typenum': '1569', 'typemoney': '3000'}, {'type': 4, 'typenum': '67589', 'typemoney': '200'}, {'type': 5, 'typenum': '1196524', 'typemoney': '10'}, {'type': 6, 'typenum': '9727982', 'typemoney': '5'}, {'type': 7, 'typenum': '', 'typemoney': ''}]}, {'name': '双色球', 'code': '2021020', 'detailsLink': '/c/2021-02-28/480941.shtml', 'videoLink': '/c/2021-02-28/480940.shtml', 'date': '2021-02-28(日)', 'week': '日', 'red': '01,03,06,07,09,11', 'blue': '02', 'blue2': '', 'sales': '385685036', 'poolmoney': '877930510', 'content': '北京1注,天津1注,河北1注,黑龙江1注,上海1注,江苏1注,江西1注,山东1注,广东5注,云南2注,宁夏2注,新疆2注,共19注。', 'addmoney': '', 'addmoney2': '', 'msg': '', 'z2add': '', 'm2add': '', 'prizegrades': [{'type': 1, 'typenum': '19', 'typemoney': '6085156'}, {'type': 2, 'typenum': '505', 'typemoney': '51034'}, {'type': 3, 'typenum': '2423', 'typemoney': '3000'}, {'type': 4, 'typenum': '108206', 'typemoney': '200'}, {'type': 5, 'typenum': '1748933', 'typemoney': '10'}, {'type': 6, 'typenum': '7899262', 'typemoney': '5'}, {'type': 7, 'typenum': '', 'typemoney': ''}]}, {'name': '双色球', 'code': '2021019', 'detailsLink': '/c/2021-02-25/480922.shtml', 'videoLink': '/c/2021-02-25/480921.shtml', 'date': '2021-02-25(四)', 'week': '四', 'red': '12,16,17,24,28,29', 'blue': '08', 'blue2': '', 'sales': '351320330', 'poolmoney': '916231105', 'content': '浙江1注,重庆2注,广西1注,云南1注,新疆1注,共6注。', 'addmoney': '', 'addmoney2': '', 'msg': '', 'z2add': '', 'm2add': '', 'prizegrades': [{'type': 1, 'typenum': '6', 'typemoney': '6344519'}, {'type': 2, 'typenum': '104', 'typemoney': '96960'}, {'type': 3, 'typenum': '2630', 'typemoney': '3000'}, {'type': 4, 'typenum': '111444', 'typemoney': '200'}, {'type': 5, 'typenum': '1792877', 'typemoney': '10'}, {'type': 6, 'typenum': '16740762', 'typemoney': '5'}, {'type': 7, 'typenum': '', 'typemoney': ''}]}, {'name': '双色球', 'code': '2021018', 'detailsLink': '/c/2021-02-23/480808.shtml', 'videoLink': '/c/2021-02-23/480807.shtml', 'date': '2021-02-23(二)', 'week': '二', 'red': '02,08,14,23,25,32', 'blue': '06', 'blue2': '', 'sales': '352299530', 'poolmoney': '924046536', 'content': '河北1注,辽宁1注,江苏1注,共3注。', 'addmoney': '', 'addmoney2': '', 'msg': '', 'z2add': '', 'm2add': '', 'prizegrades': [{'type': 1, 'typenum': '3', 'typemoney': '10000000'}, {'type': 2, 'typenum': '128', 'typemoney': '193330'}, {'type': 3, 'typenum': '1192', 'typemoney': '3000'}, {'type': 4, 'typenum': '66905', 'typemoney': '200'}, {'type': 5, 'typenum': '1284280', 'typemoney': '10'}, {'type': 6, 'typenum': '8768376', 'typemoney': '5'}, {'type': 7, 'typenum': '', 'typemoney': ''}]}, {'name': '双色球', 'code': '2021017', 'detailsLink': '/c/2021-02-21/480694.shtml', 'videoLink': '/c/2021-02-21/480693.shtml', 'date': '2021-02-21(日)', 'week': '日', 'red': '09,15,18,29,32,33', 'blue': '02', 'blue2': '', 'sales': '442443732', 'poolmoney': '879807720', 'content': '江西1注,海南1注,云南2注,陕西1注,新疆1注,共6注。', 'addmoney': '', 'addmoney2': '', 'msg': '', 'z2add': '', 'm2add': '', 'prizegrades': [{'type': 1, 'typenum': '6', 'typemoney': '8959033'}, {'type': 2, 'typenum': '116', 'typemoney': '255972'}, {'type': 3, 'typenum': '1241', 'typemoney': '3000'}, {'type': 4, 'typenum': '64086', 'typemoney': '200'}, {'type': 5, 'typenum': '1262820', 'typemoney': '10'}, {'type': 6, 'typenum': '13771604', 'typemoney': '5'}, {'type': 7, 'typenum': '', 'typemoney': ''}]}, {'name': '双色球', 'code': '2021016', 'detailsLink': '/c/2021-02-07/480468.shtml', 'videoLink': '/c/2021-02-07/480467.shtml', 'date': '2021-02-07(日)', 'week': '日', 'red': '03,08,09,13,15,18', 'blue': '10', 'blue2': '', 'sales': '447622614', 'poolmoney': '844483666', 'content': '江苏1注,安徽1注,山东1注,重庆2注,湖南3注,广东3注,贵州1注,云南2注,宁夏1注,深圳1注,共16注。', 'addmoney': '', 'addmoney2': '', 'msg': '', 'z2add': '', 'm2add': '', 'prizegrades': [{'type': 1, 'typenum': '16', 'typemoney': '6134153'}, {'type': 2, 'typenum': '192', 'typemoney': '118140'}, {'type': 3, 'typenum': '2667', 'typemoney': '3000'}, {'type': 4, 'typenum': '127578', 'typemoney': '200'}, {'type': 5, 'typenum': '2306554', 'typemoney': '10'}, {'type': 6, 'typenum': '14404133', 'typemoney': '5'}, {'type': 7, 'typenum': '', 'typemoney': ''}]}, {'name': '双色球', 'code': '2021015', 'detailsLink': '/c/2021-02-04/480349.shtml', 'videoLink': '/c/2021-02-04/480348.shtml', 'date': '2021-02-04(四)', 'week': '四', 'red': '06,14,16,26,28,29', 'blue': '07', 'blue2': '', 'sales': '373264066', 'poolmoney': '874580915', 'content': '天津1注,河北1注,黑龙江1注,山东1注,四川1注,陕西1注,共6注。', 'addmoney': '', 'addmoney2': '', 'msg': '', 'z2add': '', 'm2add': '', 'prizegrades': [{'type': 1, 'typenum': '6', 'typemoney': '7672352'}, {'type': 2, 'typenum': '93', 'typemoney': '215512'}, {'type': 3, 'typenum': '1766', 'typemoney': '3000'}, {'type': 4, 'typenum': '80567', 'typemoney': '200'}, {'type': 5, 'typenum': '1485225', 'typemoney': '10'}, {'type': 6, 'typenum': '13293032', 'typemoney': '5'}, {'type': 7, 'typenum': '', 'typemoney': ''}]}, {'name': '双色球', 'code': '2021014', 'detailsLink': '/c/2021-02-02/480235.shtml', 'videoLink': '/c/2021-02-02/480234.shtml', 'date': '2021-02-02(二)', 'week': '二', 'red': '04,15,21,25,29,33', 'blue': '06', 'blue2': '', 'sales': '365029152', 'poolmoney': '860487095', 'content': '上海2注,安徽1注,共3注。', 'addmoney': '', 'addmoney2': '', 'msg': '', 'z2add': '', 'm2add': '', 'prizegrades': [{'type': 1, 'typenum': '3', 'typemoney': '10000000'}, {'type': 2, 'typenum': '96', 'typemoney': '270821'}, {'type': 3, 'typenum': '1092', 'typemoney': '3000'}, {'type': 4, 'typenum': '59870', 'typemoney': '200'}, {'type': 5, 'typenum': '1156375', 'typemoney': '10'}, {'type': 6, 'typenum': '9611054', 'typemoney': '5'}, {'type': 7, 'typenum': '', 'typemoney': ''}]}, {'name': '双色球', 'code': '2021013', 'detailsLink': '/c/2021-01-31/480021.shtml', 'videoLink': '/c/2021-01-31/480020.shtml', 'date': '2021-01-31(日)', 'week': '日', 'red': '06,09,12,16,27,31', 'blue': '06', 'blue2': '', 'sales': '403024326', 'poolmoney': '812490648', 'content': '吉林1注,黑龙江1注,江苏1注,浙江7注,山东1注,湖北1注,湖南1注,广东1注,广西1注,云南2注,共17注。', 'addmoney': '', 'addmoney2': '', 'msg': '', 'z2add': '', 'm2add': '', 'prizegrades': [{'type': 1, 'typenum': '17', 'typemoney': '5756403'}, {'type': 2, 'typenum': '169', 'typemoney': '95109'}, {'type': 3, 'typenum': '2696', 'typemoney': '3000'}, {'type': 4, 'typenum': '115789', 'typemoney': '200'}, {'type': 5, 'typenum': '1908413', 'typemoney': '10'}, {'type': 6, 'typenum': '16571545', 'typemoney': '5'}, {'type': 7, 'typenum': '', 'typemoney': ''}]}, {'name': '双色球', 'code': '2021012', 'detailsLink': '/c/2021-01-28/479902.shtml', 'videoLink': '/c/2021-01-28/479901.shtml', 'date': '2021-01-28(四)', 'week': '四', 'red': '03,06,14,18,20,26', 'blue': '01', 'blue2': '', 'sales': '365486356', 'poolmoney': '862128803', 'content': '河北3注,内蒙古1注,江苏1注,浙江1注,安徽1注,山东3注,湖南1注,广东4注,广西1注,贵州1注,共17注。', 'addmoney': '', 'addmoney2': '', 'msg': '', 'z2add': '', 'm2add': '', 'prizegrades': [{'type': 1, 'typenum': '17', 'typemoney': '5854248'}, {'type': 2, 'typenum': '218', 'typemoney': '83269'}, {'type': 3, 'typenum': '3232', 'typemoney': '3000'}, {'type': 4, 'typenum': '131613', 'typemoney': '200'}, {'type': 5, 'typenum': '2066088', 'typemoney': '10'}, {'type': 6, 'typenum': '9959544', 'typemoney': '5'}, {'type': 7, 'typenum': '', 'typemoney': ''}]}, {'name': '双色球', 'code': '2021011', 'detailsLink': '/c/2021-01-26/479788.shtml', 'videoLink': '/c/2021-01-26/479787.shtml', 'date': '2021-01-26(二)', 'week': '二', 'red': '05,10,16,23,27,33', 'blue': '14', 'blue2': '', 'sales': '358439884', 'poolmoney': '907192691', 'content': '天津1注,河北1注,辽宁2注,江苏1注,浙江2注,安徽1注,福建1注,河南1注,湖北3注,湖南1注,广东1注,四川2注,陕西1注,共18注。', 'addmoney': '', 'addmoney2': '', 'msg': '', 'z2add': '', 'm2add': '', 'prizegrades': [{'type': 1, 'typenum': '18', 'typemoney': '5425200'}, {'type': 2, 'typenum': '228', 'typemoney': '41960'}, {'type': 3, 'typenum': '4092', 'typemoney': '3000'}, {'type': 4, 'typenum': '143134', 'typemoney': '200'}, {'type': 5, 'typenum': '1902016', 'typemoney': '10'}, {'type': 6, 'typenum': '15488908', 'typemoney': '5'}, {'type': 7, 'typenum': '', 'typemoney': ''}]}, {'name': '双色球', 'code': '2021010', 'detailsLink': '/c/2021-01-24/479674.shtml', 'videoLink': '/c/2021-01-24/479673.shtml', 'date': '2021-01-24(日)', 'week': '日', 'red': '01,04,11,19,32,33', 'blue': '05', 'blue2': '', 'sales': '394795416', 'poolmoney': '976145268', 'content': '黑龙江2注,上海2注,甘肃2注,新疆1注,共7注。', 'addmoney': '', 'addmoney2': '', 'msg': '', 'z2add': '', 'm2add': '', 'prizegrades': [{'type': 1, 'typenum': '7', 'typemoney': '8060622'}, {'type': 2, 'typenum': '129', 'typemoney': '207600'}, {'type': 3, 'typenum': '1485', 'typemoney': '3000'}, {'type': 4, 'typenum': '61961', 'typemoney': '200'}, {'type': 5, 'typenum': '1207796', 'typemoney': '10'}, {'type': 6, 'typenum': '11480560', 'typemoney': '5'}, {'type': 7, 'typenum': '', 'typemoney': ''}]}, {'name': '双色球', 'code': '2021009', 'detailsLink': '/c/2021-01-21/479655.shtml', 'videoLink': '/c/2021-01-21/479654.shtml', 'date': '2021-01-21(四)', 'week': '四', 'red': '02,04,07,24,25,32', 'blue': '13', 'blue2': '', 'sales': '367324734', 'poolmoney': '952228282', 'content': '北京1注,辽宁1注,福建1注,广东1注,共4注。', 'addmoney': '', 'addmoney2': '', 'msg': '', 'z2add': '', 'm2add': '', 'prizegrades': [{'type': 1, 'typenum': '4', 'typemoney': '10000000'}, {'type': 2, 'typenum': '57', 'typemoney': '502273'}, {'type': 3, 'typenum': '839', 'typemoney': '3000'}, {'type': 4, 'typenum': '48800', 'typemoney': '200'}, {'type': 5, 'typenum': '1023809', 'typemoney': '10'}, {'type': 6, 'typenum': '8591142', 'typemoney': '5'}, {'type': 7, 'typenum': '', 'typemoney': ''}]}, {'name': '双色球', 'code': '2021008', 'detailsLink': '/c/2021-01-19/479441.shtml', 'videoLink': '/c/2021-01-19/479440.shtml', 'date': '2021-01-19(二)', 'week': '二', 'red': '01,05,07,14,18,33', 'blue': '07', 'blue2': '', 'sales': '358122646', 'poolmoney': '906339544', 'content': '山西1注,内蒙古1注,山东1注,宁夏1注,共4注。', 'addmoney': '', 'addmoney2': '', 'msg': '', 'z2add': '', 'm2add': '', 'prizegrades': [{'type': 1, 'typenum': '4', 'typemoney': '8728131'}, {'type': 2, 'typenum': '86', 'typemoney': '216751'}, {'type': 3, 'typenum': '1307', 'typemoney': '3000'}, {'type': 4, 'typenum': '74215', 'typemoney': '200'}, {'type': 5, 'typenum': '1420459', 'typemoney': '10'}, {'type': 6, 'typenum': '13589776', 'typemoney': '5'}, {'type': 7, 'typenum': '', 'typemoney': ''}]}, {'name': '双色球', 'code': '2021007', 'detailsLink': '/c/2021-01-17/479427.shtml', 'videoLink': '/c/2021-01-17/479426.shtml', 'date': '2021-01-17(日)', 'week': '日', 'red': '02,04,12,21,25,32', 'blue': '16', 'blue2': '', 'sales': '389232822', 'poolmoney': '885330100', 'content': '安徽1注,河南1注,陕西1注,共3注。', 'addmoney': '', 'addmoney2': '', 'msg': '', 'z2add': '', 'm2add': '', 'prizegrades': [{'type': 1, 'typenum': '3', 'typemoney': '10000000'}, {'type': 2, 'typenum': '104', 'typemoney': '298114'}, {'type': 3, 'typenum': '851', 'typemoney': '3000'}, {'type': 4, 'typenum': '53412', 'typemoney': '200'}, {'type': 5, 'typenum': '1154564', 'typemoney': '10'}, {'type': 6, 'typenum': '8385470', 'typemoney': '5'}, {'type': 7, 'typenum': '', 'typemoney': ''}]}, {'name': '双色球', 'code': '2021006', 'detailsLink': '/c/2021-01-14/479408.shtml', 'videoLink': '/c/2021-01-14/479407.shtml', 'date': '2021-01-14(四)', 'week': '四', 'red': '06,08,22,24,25,26', 'blue': '01', 'blue2': '', 'sales': '367900704', 'poolmoney': '822318331', 'content': '内蒙古1注,浙江1注,安徽1注,山东1注,河南3注,湖南1注,广西1注,四川1注,共10注。', 'addmoney': '', 'addmoney2': '', 'msg': '', 'z2add': '', 'm2add': '', 'prizegrades': [{'type': 1, 'typenum': '10', 'typemoney': '7377222'}, {'type': 2, 'typenum': '194', 'typemoney': '153171'}, {'type': 3, 'typenum': '938', 'typemoney': '3000'}, {'type': 4, 'typenum': '55395', 'typemoney': '200'}, {'type': 5, 'typenum': '1170832', 'typemoney': '10'}, {'type': 6, 'typenum': '7161782', 'typemoney': '5'}, {'type': 7, 'typenum': '', 'typemoney': ''}]}, {'name': '双色球', 'code': '2021005', 'detailsLink': '/c/2021-01-12/479294.shtml', 'videoLink': '/c/2021-01-12/479293.shtml', 'date': '2021-01-12(二)', 'week': '二', 'red': '07,09,14,26,30,31', 'blue': '04', 'blue2': '', 'sales': '359757108', 'poolmoney': '806944718', 'content': '内蒙古1注,江苏1注,浙江1注,宁夏1注,深圳10注,共14注。', 'addmoney': '', 'addmoney2': '', 'msg': '', 'z2add': '', 'm2add': '', 'prizegrades': [{'type': 1, 'typenum': '14', 'typemoney': '6353946'}, {'type': 2, 'typenum': '76', 'typemoney': '311764'}, {'type': 3, 'typenum': '1515', 'typemoney': '3000'}, {'type': 4, 'typenum': '76343', 'typemoney': '200'}, {'type': 5, 'typenum': '1389048', 'typemoney': '10'}, {'type': 6, 'typenum': '9560127', 'typemoney': '5'}, {'type': 7, 'typenum': '', 'typemoney': ''}]}, {'name': '双色球', 'code': '2021004', 'detailsLink': '/c/2021-01-10/479180.shtml', 'videoLink': '/c/2021-01-10/479179.shtml', 'date': '2021-01-10(日)', 'week': '日', 'red': '02,03,07,08,17,22', 'blue': '15', 'blue2': '', 'sales': '396531778', 'poolmoney': '824817771', 'content': '河北1注,河南1注,共2注。', 'addmoney': '', 'addmoney2': '', 'msg': '', 'z2add': '', 'm2add': '', 'prizegrades': [{'type': 1, 'typenum': '2', 'typemoney': '10000000'}, {'type': 2, 'typenum': '208', 'typemoney': '145638'}, {'type': 3, 'typenum': '1114', 'typemoney': '3000'}, {'type': 4, 'typenum': '72913', 'typemoney': '200'}, {'type': 5, 'typenum': '1543803', 'typemoney': '10'}, {'type': 6, 'typenum': '7953405', 'typemoney': '5'}, {'type': 7, 'typenum': '', 'typemoney': ''}]}, {'name': '双色球', 'code': '2021003', 'detailsLink': '/c/2021-01-07/479161.shtml', 'videoLink': '/c/2021-01-07/479160.shtml', 'date': '2021-01-07(四)', 'week': '四', 'red': '06,09,16,18,22,29', 'blue': '11', 'blue2': '', 'sales': '360514540', 'poolmoney': '753939585', 'content': '黑龙江2注,江苏1注,浙江1注,陕西1注,共5注。', 'addmoney': '', 'addmoney2': '', 'msg': '', 'z2add': '', 'm2add': '', 'prizegrades': [{'type': 1, 'typenum': '5', 'typemoney': '9406368'}, {'type': 2, 'typenum': '136', 'typemoney': '202498'}, {'type': 3, 'typenum': '1371', 'typemoney': '3000'}, {'type': 4, 'typenum': '66938', 'typemoney': '200'}, {'type': 5, 'typenum': '1327624', 'typemoney': '10'}, {'type': 6, 'typenum': '7143214', 'typemoney': '5'}, {'type': 7, 'typenum': '', 'typemoney': ''}]}, {'name': '双色球', 'code': '2021002', 'detailsLink': '/c/2021-01-05/479047.shtml', 'videoLink': '/c/2021-01-05/479046.shtml', 'date': '2021-01-05(二)', 'week': '二', 'red': '06,10,13,25,26,32', 'blue': '11', 'blue2': '', 'sales': '374374440', 'poolmoney': '718352017', 'content': '北京2注,辽宁1注,福建3注,河南1注,湖南2注,深圳1注,共10注。', 'addmoney': '', 'addmoney2': '', 'msg': '', 'z2add': '', 'm2add': '', 'prizegrades': [{'type': 1, 'typenum': '10', 'typemoney': '7105919'}, {'type': 2, 'typenum': '185', 'typemoney': '142291'}, {'type': 3, 'typenum': '1421', 'typemoney': '3000'}, {'type': 4, 'typenum': '73241', 'typemoney': '200'}, {'type': 5, 'typenum': '1406559', 'typemoney': '10'}, {'type': 6, 'typenum': '9034147', 'typemoney': '5'}, {'type': 7, 'typenum': '', 'typemoney': ''}]}, {'name': '双色球', 'code': '2021001', 'detailsLink': '/c/2021-01-03/478933.shtml', 'videoLink': '/c/2021-01-03/478932.shtml', 'date': '2021-01-03(日)', 'week': '日', 'red': '02,03,13,18,20,31', 'blue': '11', 'blue2': '', 'sales': '411170524', 'poolmoney': '710439245', 'content': '山西1注,江苏1注,福建1注,山东1注,湖南2注,广东2注,广西2注,共10注。', 'addmoney': '', 'addmoney2': '', 'msg': '', 'z2add': '', 'm2add': '', 'prizegrades': [{'type': 1, 'typenum': '10', 'typemoney': '7034106'}, {'type': 2, 'typenum': '126', 'typemoney': '201796'}, {'type': 3, 'typenum': '1794', 'typemoney': '3000'}, {'type': 4, 'typenum': '84577', 'typemoney': '200'}, {'type': 5, 'typenum': '1553167', 'typemoney': '10'}, {'type': 6, 'typenum': '12387835', 'typemoney': '5'}, {'type': 7, 'typenum': '', 'typemoney': ''}]}, {'name': '双色球', 'code': '2020134', 'detailsLink': '/c/2020-12-31/478914.shtml', 'videoLink': '/c/2020-12-31/478913.shtml', 'date': '2020-12-31(四)', 'week': '四', 'red': '02,09,10,20,22,26', 'blue': '01', 'blue2': '', 'sales': '399565532', 'poolmoney': '704501324', 'content': '河北2注,内蒙古3注,福建37注,广东2注,广西2注,陕西1注,宁夏1注,共48注。', 'addmoney': '', 'addmoney2': '', 'msg': '', 'z2add': '', 'm2add': '', 'prizegrades': [{'type': 1, 'typenum': '48', 'typemoney': '5382786'}, {'type': 2, 'typenum': '275', 'typemoney': '83517'}, {'type': 3, 'typenum': '2423', 'typemoney': '3000'}, {'type': 4, 'typenum': '113586', 'typemoney': '200'}, {'type': 5, 'typenum': '1925649', 'typemoney': '10'}, {'type': 6, 'typenum': '10935118', 'typemoney': '5'}, {'type': 7, 'typenum': '', 'typemoney': ''}]}, {'name': '双色球', 'code': '2020133', 'detailsLink': '/c/2020-12-29/478900.shtml', 'videoLink': '/c/2020-12-29/478899.shtml', 'date': '2020-12-29(二)', 'week': '二', 'red': '03,19,22,23,27,29', 'blue': '07', 'blue2': '', 'sales': '370330222', 'poolmoney': '893973468', 'content': '山东1注,四川2注,共3注。', 'addmoney': '', 'addmoney2': '', 'msg': '', 'z2add': '', 'm2add': '', 'prizegrades': [{'type': 1, 'typenum': '3', 'typemoney': '10000000'}, {'type': 2, 'typenum': '99', 'typemoney': '283877'}, {'type': 3, 'typenum': '938', 'typemoney': '3000'}, {'type': 4, 'typenum': '52045', 'typemoney': '200'}, {'type': 5, 'typenum': '1099329', 'typemoney': '10'}, {'type': 6, 'typenum': '8966016', 'typemoney': '5'}, {'type': 7, 'typenum': '', 'typemoney': ''}]}, {'name': '双色球', 'code': '2020132', 'detailsLink': '/c/2020-12-27/478786.shtml', 'videoLink': '/c/2020-12-27/478785.shtml', 'date': '2020-12-27(日)', 'week': '日', 'red': '01,04,11,12,14,23', 'blue': '04', 'blue2': '', 'sales': '425174496', 'poolmoney': '839661890', 'content': '北京1注,辽宁2注,上海1注,西藏1注,共5注。', 'addmoney': '', 'addmoney2': '', 'msg': '', 'z2add': '', 'm2add': '', 'prizegrades': [{'type': 1, 'typenum': '5', 'typemoney': '10000000'}, {'type': 2, 'typenum': '106', 'typemoney': '309129'}, {'type': 3, 'typenum': '1439', 'typemoney': '3000'}, {'type': 4, 'typenum': '71618', 'typemoney': '200'}, {'type': 5, 'typenum': '1542457', 'typemoney': '10'}, {'type': 6, 'typenum': '8639908', 'typemoney': '5'}, {'type': 7, 'typenum': '', 'typemoney': ''}]}, {'name': '双色球', 'code': '2020131', 'detailsLink': '/c/2020-12-24/478767.shtml', 'videoLink': '/c/2020-12-24/478766.shtml', 'date': '2020-12-24(四)', 'week': '四', 'red': '08,19,22,26,27,30', 'blue': '07', 'blue2': '', 'sales': '394370394', 'poolmoney': '791358796', 'content': '北京1注,山西2注,江苏1注,浙江1注,福建1注,江西2注,贵州1注,云南1注,共10注。', 'addmoney': '', 'addmoney2': '', 'msg': '', 'z2add': '', 'm2add': '', 'prizegrades': [{'type': 1, 'typenum': '10', 'typemoney': '6733037'}, {'type': 2, 'typenum': '139', 'typemoney': '155848'}, {'type': 3, 'typenum': '2474', 'typemoney': '3000'}, {'type': 4, 'typenum': '100798', 'typemoney': '200'}, {'type': 5, 'typenum': '1803509', 'typemoney': '10'}, {'type': 6, 'typenum': '12194588', 'typemoney': '5'}, {'type': 7, 'typenum': '', 'typemoney': ''}]}, {'name': '双色球', 'code': '2020130', 'detailsLink': '/c/2020-12-22/478653.shtml', 'videoLink': '/c/2020-12-22/478652.shtml', 'date': '2020-12-22(二)', 'week': '二', 'red': '08,09,11,14,17,29', 'blue': '16', 'blue2': '', 'sales': '405085034', 'poolmoney': '793700272', 'content': '辽宁1注,江苏1注,浙江2注,山东1注,广东3注,宁夏1注,共9注。其中一等奖特别奖为：辽宁1注,江苏1注,浙江2注,广东2注,宁夏1注；一等奖普惠奖为：山东1注,广东1注。', 'addmoney': '', 'addmoney2': '', 'zj1': '7', 'mj1': '4285714', 'msg': '下期一等奖特别奖派奖金额：0元。\n下期一等奖普惠奖派奖金额：0元。', 'z2add': '', 'm2add': '', 'prizegrades': [{'type': 1, 'typenum': '9', 'typemoney': '7096662'}, {'type': 2, 'typenum': '160', 'typemoney': '147421'}, {'type': 3, 'typenum': '1899', 'typemoney': '3000'}, {'type': 4, 'typenum': '109626', 'typemoney': '200'}, {'type': 5, 'typenum': '2027730', 'typemoney': '10'}, {'type': 6, 'typenum': '11248475', 'typemoney': '5'}, {'type': 7, 'typenum': '', 'typemoney': ''}]}, {'name': '双色球', 'code': '2020129', 'detailsLink': '/c/2020-12-20/478539.shtml', 'videoLink': '/c/2020-12-20/478538.shtml', 'date': '2020-12-20(日)', 'week': '日', 'red': '01,02,05,15,28,33', 'blue': '04', 'blue2': '', 'sales': '428354318', 'poolmoney': '786807887', 'content': '北京1注,江苏6注,安徽2注,江西1注,贵州1注,云南1注,陕西2注,共14注。其中一等奖特别奖为：江苏5注,安徽1注,江西1注,云南1注,陕西2注；一等奖普惠奖为：北京1注,江苏1注,安徽1注,贵州1注。', 'addmoney': '', 'addmoney2': '', 'zj1': '10', 'mj1': '3000000', 'msg': '下期一等奖特别奖派奖金额：30000000元。\n下期一等奖普惠奖派奖金额：5000000元。', 'z2add': '', 'm2add': '', 'prizegrades': [{'type': 1, 'typenum': '14', 'typemoney': '6613195'}, {'type': 2, 'typenum': '116', 'typemoney': '243370'}, {'type': 3, 'typenum': '1426', 'typemoney': '3000'}, {'type': 4, 'typenum': '69955', 'typemoney': '200'}, {'type': 5, 'typenum': '1354717', 'typemoney': '10'}, {'type': 6, 'typenum': '13030751', 'typemoney': '5'}, {'type': 7, 'typenum': '', 'typemoney': ''}]}, {'name': '双色球', 'code': '2020128', 'detailsLink': '/c/2020-12-17/478420.shtml', 'videoLink': '/c/2020-12-17/478419.shtml', 'date': '2020-12-17(四)', 'week': '四', 'red': '08,10,15,16,23,26', 'blue': '10', 'blue2': '', 'sales': '395094864', 'poolmoney': '794699858', 'content': '河北2注,辽宁1注,吉林1注,黑龙江1注,浙江1注,福建3注,广东1注,广西2注,四川1注,陕西1注,共14注。其中一等奖特别奖为：河北2注,辽宁1注,吉林1注,黑龙江1注,浙江1注,福建3注,四川1注；一等奖普惠奖为：广东1注,广西2注,陕西1注。', 'addmoney': '', 'addmoney2': '', 'zj1': '10', 'mj1': '4632283', 'msg': '下期一等奖特别奖派奖金额：30000000元。\n下期一等奖普惠奖派奖金额：5000000元。', 'z2add': '', 'm2add': '', 'prizegrades': [{'type': 1, 'typenum': '14', 'typemoney': '6055174'}, {'type': 2, 'typenum': '137', 'typemoney': '134785'}, {'type': 3, 'typenum': '2252', 'typemoney': '3000'}, {'type': 4, 'typenum': '102352', 'typemoney': '200'}, {'type': 5, 'typenum': '1676644', 'typemoney': '10'}, {'type': 6, 'typenum': '15148292', 'typemoney': '5'}, {'type': 7, 'typenum': '', 'typemoney': ''}]}, {'name': '双色球', 'code': '2020127', 'detailsLink': '/c/2020-12-15/478406.shtml', 'videoLink': '/c/2020-12-15/478405.shtml', 'date': '2020-12-15(二)', 'week': '二', 'red': '01,04,18,19,26,31', 'blue': '07', 'blue2': '', 'sales': '385288238', 'poolmoney': '824075658', 'content': '山西1注,内蒙古1注,黑龙江1注,河南2注,陕西3注,深圳1注,共9注。其中一等奖特别奖为：黑龙江1注,河南1注；一等奖普惠奖为：山西1注,内蒙古1注,河南1注,陕西3注,深圳1注。', 'addmoney': '', 'addmoney2': '', 'zj1': '2', 'mj1': '6838584', 'msg': '下期一等奖特别奖派奖金额：46322832元。\n下期一等奖普惠奖派奖金额：5000000元。', 'z2add': '', 'm2add': '', 'prizegrades': [{'type': 1, 'typenum': '9', 'typemoney': '6838584'}, {'type': 2, 'typenum': '183', 'typemoney': '113027'}, {'type': 3, 'typenum': '2089', 'typemoney': '3000'}, {'type': 4, 'typenum': '95984', 'typemoney': '200'}, {'type': 5, 'typenum': '1587897', 'typemoney': '10'}, {'type': 6, 'typenum': '12942435', 'typemoney': '5'}, {'type': 7, 'typenum': '', 'typemoney': ''}]}, {'name': '双色球', 'code': '2020126', 'detailsLink': '/c/2020-12-13/478292.shtml', 'videoLink': '/c/2020-12-13/478291.shtml', 'date': '2020-12-13(日)', 'week': '日', 'red': '03,07,12,14,23,28', 'blue': '11', 'blue2': '', 'sales': '423827948', 'poolmoney': '823570698', 'content': '北京1注,辽宁2注,吉林2注,上海2注,江苏1注,浙江2注,山东1注,湖北10注,广东2注,云南3注,陕西2注,甘肃1注,新疆4注,共33注。其中一等奖特别奖为：辽宁1注,吉林1注,上海1注,江苏1注,浙江2注,湖北10注,广东1注,云南2注,陕西2注,新疆3注；一等奖普惠奖为：北京1注,辽宁1注,吉林1注,上海1注,山东1注,广东1注,云南1注,甘肃1注,新疆1注。', 'addmoney': '', 'addmoney2': '', 'zj1': '24', 'mj1': '2394203', 'msg': '下期一等奖特别奖派奖金额：30000000元。\n下期一等奖普惠奖派奖金额：5000000元。', 'z2add': '', 'm2add': '', 'prizegrades': [{'type': 1, 'typenum': '33', 'typemoney': '5506107'}, {'type': 2, 'typenum': '337', 'typemoney': '61949'}, {'type': 3, 'typenum': '3478', 'typemoney': '3000'}, {'type': 4, 'typenum': '148334', 'typemoney': '200'}, {'type': 5, 'typenum': '2363903', 'typemoney': '10'}, {'type': 6, 'typenum': '12085627', 'typemoney': '5'}, {'type': 7, 'typenum': '', 'typemoney': ''}]}, {'name': '双色球', 'code': '2020125', 'detailsLink': '/c/2020-12-10/478173.shtml', 'videoLink': '/c/2020-12-10/478172.shtml', 'date': '2020-12-10(四)', 'week': '四', 'red': '05,12,16,26,30,31', 'blue': '13', 'blue2': '', 'sales': '403248064', 'poolmoney': '942641447', 'content': '江苏1注,浙江1注,山东1注,广东1注,四川1注,云南1注,陕西1注,宁夏1注,共8注。其中一等奖特别奖为：江苏1注,浙江1注,山东1注,广东1注,云南1注,宁夏1注；一等奖普惠奖为：四川1注,陕西1注。', 'addmoney': '', 'addmoney2': '', 'zj1': '6', 'mj1': '8008557', 'msg': '下期一等奖特别奖派奖金额：57460882元。\n下期一等奖普惠奖派奖金额：5000000元。', 'z2add': '', 'm2add': '', 'prizegrades': [{'type': 1, 'typenum': '8', 'typemoney': '8008557'}, {'type': 2, 'typenum': '162', 'typemoney': '185713'}, {'type': 3, 'typenum': '1382', 'typemoney': '3000'}, {'type': 4, 'typenum': '69376', 'typemoney': '200'}, {'type': 5, 'typenum': '1401570', 'typemoney': '10'}, {'type': 6, 'typenum': '9042467', 'typemoney': '5'}, {'type': 7, 'typenum': '', 'typemoney': ''}]}, {'name': '双色球', 'code': '2020124', 'detailsLink': '/c/2020-12-08/478059.shtml', 'videoLink': '/c/2020-12-08/478058.shtml', 'date': '2020-12-08(二)', 'week': '二', 'red': '16,18,19,20,29,33', 'blue': '12', 'blue2': '', 'sales': '394367604', 'poolmoney': '916453174', 'content': '吉林1注,江苏1注,广东1注,共3注。其中一等奖特别奖为：吉林1注；一等奖普惠奖为：江苏1注,广东1注。', 'addmoney': '', 'addmoney2': '', 'zj1': '1', 'mj1': '10000000', 'msg': '下期一等奖特别奖派奖金额：75512224元。\n下期一等奖普惠奖派奖金额：5000000元。', 'z2add': '', 'm2add': '', 'prizegrades': [{'type': 1, 'typenum': '3', 'typemoney': '10000000'}, {'type': 2, 'typenum': '53', 'typemoney': '485568'}, {'type': 3, 'typenum': '1116', 'typemoney': '3000'}, {'type': 4, 'typenum': '60317', 'typemoney': '200'}, {'type': 5, 'typenum': '1221178', 'typemoney': '10'}, {'type': 6, 'typenum': '12535272', 'typemoney': '5'}, {'type': 7, 'typenum': '', 'typemoney': ''}]}, {'name': '双色球', 'code': '2020123', 'detailsLink': '/c/2020-12-06/477945.shtml', 'videoLink': '/c/2020-12-06/477944.shtml', 'date': '2020-12-06(日)', 'week': '日', 'red': '01,03,18,19,26,29', 'blue': '03', 'blue2': '', 'sales': '442277628', 'poolmoney': '869247735', 'content': '河北1注,江苏2注,山东2注,共5注。其中一等奖特别奖为：江苏1注；一等奖普惠奖为：河北1注,江苏1注,山东2注。', 'addmoney': '', 'addmoney2': '', 'zj1': '1', 'mj1': '10000000', 'msg': '下期一等奖特别奖派奖金额：55512224元。\n下期一等奖普惠奖派奖金额：5000000元。', 'z2add': '', 'm2add': '', 'prizegrades': [{'type': 1, 'typenum': '5', 'typemoney': '10000000'}, {'type': 2, 'typenum': '106', 'typemoney': '343394'}, {'type': 3, 'typenum': '1231', 'typemoney': '3000'}, {'type': 4, 'typenum': '64383', 'typemoney': '200'}, {'type': 5, 'typenum': '1298514', 'typemoney': '10'}, {'type': 6, 'typenum': '8312369', 'typemoney': '5'}, {'type': 7, 'typenum': '', 'typemoney': ''}]}, {'name': '双色球', 'code': '2020122', 'detailsLink': '/c/2020-12-03/477926.shtml', 'videoLink': '/c/2020-12-03/477925.shtml', 'date': '2020-12-03(四)', 'week': '四', 'red': '12,15,17,24,26,31', 'blue': '15', 'blue2': '', 'sales': '416050434', 'poolmoney': '810048147', 'content': '山西1注,安徽1注,江西1注,湖北1注,四川1注,陕西1注,甘肃1注,共7注。其中一等奖特别奖为：山西1注,江西1注,甘肃1注；一等奖普惠奖为：安徽1注,湖北1注,四川1注,陕西1注。', 'addmoney': '', 'addmoney2': '', 'zj1': '3', 'mj1': '8506055', 'msg': '下期一等奖特别奖派奖金额：35512224元。\n下期一等奖普惠奖派奖金额：5000000元。', 'z2add': '', 'm2add': '', 'prizegrades': [{'type': 1, 'typenum': '7', 'typemoney': '8506055'}, {'type': 2, 'typenum': '484', 'typemoney': '63384'}, {'type': 3, 'typenum': '1246', 'typemoney': '3000'}, {'type': 4, 'typenum': '97809', 'typemoney': '200'}, {'type': 5, 'typenum': '1761733', 'typemoney': '10'}, {'type': 6, 'typenum': '8047131', 'typemoney': '5'}, {'type': 7, 'typenum': '', 'typemoney': ''}]}, {'name': '双色球', 'code': '2020121', 'detailsLink': '/c/2020-12-01/477812.shtml', 'videoLink': '/c/2020-12-01/477811.shtml', 'date': '2020-12-01(二)', 'week': '二', 'red': '02,04,06,21,25,29', 'blue': '03', 'blue2': '', 'sales': '425615038', 'poolmoney': '777556587', 'content': '内蒙古1注,湖北1注,四川2注,陕西1注,共5注。其中一等奖特别奖为：湖北1注,四川1注,陕西1注；一等奖普惠奖为：内蒙古1注,四川1注。', 'addmoney': '', 'addmoney2': '', 'zj1': '3', 'mj1': '9656537', 'zj6': '7579931', 'mj6': '5', 'msg': '下期一等奖特别奖派奖金额：31030389元。\n下期一等奖普惠奖派奖金额：5000000元。\n下期六等奖翻番奖奖金余额：0元。', 'z2add': '', 'm2add': '', 'prizegrades': [{'type': 1, 'typenum': '5', 'typemoney': '9656537'}, {'type': 2, 'typenum': '91', 'typemoney': '319817'}, {'type': 3, 'typenum': '1286', 'typemoney': '3000'}, {'type': 4, 'typenum': '76982', 'typemoney': '200'}, {'type': 5, 'typenum': '1459850', 'typemoney': '10'}, {'type': 6, 'typenum': '11657007', 'typemoney': '5'}, {'type': 7, 'typenum': '', 'typemoney': ''}]}, {'name': '双色球', 'code': '2020120', 'detailsLink': '/c/2020-11-29/477698.shtml', 'videoLink': '/c/2020-11-29/477697.shtml', 'date': '2020-11-29(日)', 'week': '日', 'red': '01,02,03,04,09,10', 'blue': '12', 'blue2': '', 'sales': '470788664', 'poolmoney': '738529199', 'content': '北京3注,河北2注,辽宁2注,浙江4注,安徽2注,福建2注,山东1注,重庆1注,广东2注,广西1注,新疆7注,深圳1注,共28注。其中一等奖特别奖为：北京3注,辽宁2注,浙江3注,安徽1注,福建2注,重庆1注,广东1注,广西1注,新疆6注；一等奖普惠奖为：河北2注,浙江1注,安徽1注,山东1注,广东1注,新疆1注,深圳1注。', 'addmoney': '', 'addmoney2': '', 'zj1': '20', 'mj1': '1500000', 'zj6': '12719871', 'mj6': '5', 'msg': '下期一等奖特别奖派奖金额：30000000元。\n下期一等奖普惠奖派奖金额：5000000元。\n下期六等奖翻番奖奖金余额：8943675元。', 'z2add': '', 'm2add': '', 'prizegrades': [{'type': 1, 'typenum': '28', 'typemoney': '5529239'}, {'type': 2, 'typenum': '535', 'typemoney': '34623'}, {'type': 3, 'typenum': '7705', 'typemoney': '3000'}, {'type': 4, 'typenum': '110724', 'typemoney': '200'}, {'type': 5, 'typenum': '1919141', 'typemoney': '10'}, {'type': 6, 'typenum': '18428336', 'typemoney': '5'}, {'type': 7, 'typenum': '', 'typemoney': ''}]}, {'name': '双色球', 'code': '2020119', 'detailsLink': '/c/2020-11-26/477579.shtml', 'videoLink': '/c/2020-11-26/477578.shtml', 'date': '2020-11-26(四)', 'week': '四', 'red': '01,09,22,28,32,33', 'blue': '15', 'blue2': '', 'sales': '432978556', 'poolmoney': '837777744', 'content': '北京1注,江苏3注,山东1注,湖南1注,广东4注,四川1注,陕西1注,共12注。其中一等奖特别奖为：北京1注,江苏3注,山东1注,广东1注,陕西1注；一等奖普惠奖为：湖南1注,广东3注,四川1注。', 'addmoney': '', 'addmoney2': '', 'zj1': '7', 'mj1': '4285714', 'zj6': '7775004', 'mj6': '5', 'msg': '下期一等奖特别奖派奖金额：30000000元。\n下期一等奖普惠奖派奖金额：5000000元。\n下期六等奖翻番奖奖金余额：72543030元。', 'z2add': '', 'm2add': '', 'prizegrades': [{'type': 1, 'typenum': '12', 'typemoney': '6880004'}, {'type': 2, 'typenum': '117', 'typemoney': '241026'}, {'type': 3, 'typenum': '1983', 'typemoney': '3000'}, {'type': 4, 'typenum': '97076', 'typemoney': '200'}, {'type': 5, 'typenum': '1634862', 'typemoney': '10'}, {'type': 6, 'typenum': '11529284', 'typemoney': '5'}, {'type': 7, 'typenum': '', 'typemoney': ''}]}, {'name': '双色球', 'code': '2020118', 'detailsLink': '/c/2020-11-24/477464.shtml', 'videoLink': '/c/2020-11-24/477465.shtml', 'date': '2020-11-24(二)', 'week': '二', 'red': '11,13,19,26,30,33', 'blue': '05', 'blue2': '', 'sales': '419968358', 'poolmoney': '835737606', 'content': '吉林2注,浙江1注,福建1注,共4注。其中一等奖特别奖为：吉林2注,浙江1注,福建1注。', 'addmoney': '', 'addmoney2': '', 'zj1': '4', 'mj1': '7500000', 'zj6': '6844746', 'mj6': '5', 'msg': '下期一等奖特别奖派奖金额：30000000元。\n下期一等奖普惠奖派奖金额：10000000元。\n下期六等奖翻番奖奖金余额：111418050元。', 'z2add': '', 'm2add': '', 'prizegrades': [{'type': 1, 'typenum': '4', 'typemoney': '10000000'}, {'type': 2, 'typenum': '114', 'typemoney': '262410'}, {'type': 3, 'typenum': '1211', 'typemoney': '3000'}, {'type': 4, 'typenum': '69153', 'typemoney': '200'}, {'type': 5, 'typenum': '1441074', 'typemoney': '10'}, {'type': 6, 'typenum': '10850159', 'typemoney': '5'}, {'type': 7, 'typenum': '', 'typemoney': ''}]}, {'name': '双色球', 'code': '2020117', 'detailsLink': '/c/2020-11-22/477351.shtml', 'videoLink': '/c/2020-11-22/477350.shtml', 'date': '2020-11-22(日)', 'week': '日', 'red': '07,08,09,10,16,27', 'blue': '07', 'blue2': '', 'sales': '460145954', 'poolmoney': '785993086', 'content': '河北1注,山西1注,辽宁1注,黑龙江1注,浙江2注,安徽3注,福建1注,江西1注,山东3注,湖北1注,广东1注,广西1注,宁夏2注,共19注。其中一等奖特别奖为：山西1注,黑龙江1注,安徽2注,山东2注,湖北1注,广西1注,宁夏2注；一等奖普惠奖为：河北1注,辽宁1注,浙江2注,安徽1注,福建1注,江西1注,山东1注,广东1注。', 'addmoney': '', 'addmoney2': '', 'zj1': '10', 'mj1': '3114233', 'zj6': '11288765', 'mj6': '5', 'msg': '下期一等奖特别奖派奖金额：30000000元。\n下期一等奖普惠奖派奖金额：5000000元。\n下期六等奖翻番奖奖金余额：145641780元。', 'z2add': '', 'm2add': '', 'prizegrades': [{'type': 1, 'typenum': '19', 'typemoney': '5762819'}, {'type': 2, 'typenum': '225', 'typemoney': '80519'}, {'type': 3, 'typenum': '3796', 'typemoney': '3000'}, {'type': 4, 'typenum': '154854', 'typemoney': '200'}, {'type': 5, 'typenum': '2422594', 'typemoney': '10'}, {'type': 6, 'typenum': '17283785', 'typemoney': '5'}, {'type': 7, 'typenum': '', 'typemoney': ''}]}, {'name': '双色球', 'code': '2020116', 'detailsLink': '/c/2020-11-19/477332.shtml', 'videoLink': '/c/2020-11-19/477331.shtml', 'date': '2020-11-19(四)', 'week': '四', 'red': '05,06,14,16,19,27', 'blue': '10', 'blue2': '', 'sales': '434234564', 'poolmoney': '841135768', 'content': '辽宁1注,江苏1注,浙江1注,福建2注,重庆1注,河南1注,湖北1注,贵州1注,共9注。其中一等奖特别奖为：辽宁1注,江苏1注,浙江1注,福建1注,重庆1注,湖北1注,贵州1注；一等奖普惠奖为：福建1注,河南1注。', 'addmoney': '', 'addmoney2': '', 'zj1': '7', 'mj1': '6979667', 'zj6': '9831559', 'mj6': '5', 'msg': '下期一等奖特别奖派奖金额：31142331元。\n下期一等奖普惠奖派奖金额：5000000元。\n下期六等奖翻番奖奖金余额：202085605元。', 'z2add': '', 'm2add': '', 'prizegrades': [{'type': 1, 'typenum': '9', 'typemoney': '6979667'}, {'type': 2, 'typenum': '172', 'typemoney': '129484'}, {'type': 3, 'typenum': '2843', 'typemoney': '3000'}, {'type': 4, 'typenum': '114760', 'typemoney': '200'}, {'type': 5, 'typenum': '1947545', 'typemoney': '10'}, {'type': 6, 'typenum': '14546686', 'typemoney': '5'}, {'type': 7, 'typenum': '', 'typemoney': ''}]}, {'name': '双色球', 'code': '2020115', 'detailsLink': '/c/2020-11-17/477218.shtml', 'videoLink': '/c/2020-11-17/477217.shtml', 'date': '2020-11-17(二)', 'week': '二', 'red': '01,04,12,20,25,32', 'blue': '02', 'blue2': '', 'sales': '435736254', 'poolmoney': '837138988', 'content': '河北1注,辽宁1注,共2注。其中一等奖特别奖为：河北1注；一等奖普惠奖为：辽宁1注。', 'addmoney': '', 'addmoney2': '', 'zj1': '1', 'mj1': '10000000', 'zj6': '6799636', 'mj6': '5', 'msg': '下期一等奖特别奖派奖金额：50000000元。\n下期一等奖普惠奖派奖金额：5000000元。\n下期六等奖翻番奖奖金余额：251243400元。', 'z2add': '', 'm2add': '', 'prizegrades': [{'type': 1, 'typenum': '2', 'typemoney': '10000000'}, {'type': 2, 'typenum': '114', 'typemoney': '291499'}, {'type': 3, 'typenum': '1070', 'typemoney': '3000'}, {'type': 4, 'typenum': '61218', 'typemoney': '200'}, {'type': 5, 'typenum': '1260746', 'typemoney': '10'}, {'type': 6, 'typenum': '10505231', 'typemoney': '5'}, {'type': 7, 'typenum': '', 'typemoney': ''}]}, {'name': '双色球', 'code': '2020114', 'detailsLink': '/c/2020-11-15/477104.shtml', 'videoLink': '/c/2020-11-15/477103.shtml', 'date': '2020-11-15(日)', 'week': '日', 'red': '01,05,11,24,30,32', 'blue': '03', 'blue2': '', 'sales': '476450128', 'poolmoney': '757446327', 'content': '天津2注,河北1注,山西1注,内蒙古1注,黑龙江2注,上海2注,河南2注,湖南2注,广西1注,四川1注,新疆1注,共16注。其中一等奖特别奖为：天津2注,河北1注,黑龙江2注,上海1注,河南1注,湖南2注；一等奖普惠奖为：山西1注,内蒙古1注,上海1注,河南1注,广西1注,四川1注,新疆1注。', 'addmoney': '', 'addmoney2': '', 'zj1': '9', 'mj1': '3733472', 'zj6': '9467684', 'mj6': '5', 'msg': '下期一等奖特别奖派奖金额：30000000元。\n下期一等奖普惠奖派奖金额：5000000元。\n下期六等奖翻番奖奖金余额：285241580元。', 'z2add': '', 'm2add': '', 'prizegrades': [{'type': 1, 'typenum': '16', 'typemoney': '6478657'}, {'type': 2, 'typenum': '171', 'typemoney': '172942'}, {'type': 3, 'typenum': '2120', 'typemoney': '3000'}, {'type': 4, 'typenum': '92035', 'typemoney': '200'}, {'type': 5, 'typenum': '1705780', 'typemoney': '10'}, {'type': 6, 'typenum': '14668629', 'typemoney': '5'}, {'type': 7, 'typenum': '', 'typemoney': ''}]}, {'name': '双色球', 'code': '2020113', 'detailsLink': '/c/2020-11-12/477085.shtml', 'videoLink': '/c/2020-11-12/477084.shtml', 'date': '2020-11-12(四)', 'week': '四', 'red': '01,03,07,10,22,32', 'blue': '11', 'blue2': '', 'sales': '436471868', 'poolmoney': '772385388', 'content': '辽宁1注,福建1注,四川1注,云南2注,陕西1注,新疆1注,共7注。其中一等奖特别奖为：辽宁1注,福建1注,云南1注,陕西1注,新疆1注；一等奖普惠奖为：四川1注,云南1注。', 'addmoney': '', 'addmoney2': '', 'zj1': '5', 'mj1': '5279749', 'zj6': '21809665', 'mj6': '5', 'msg': '下期一等奖特别奖派奖金额：33601255元。\n下期一等奖普惠奖派奖金额：5000000元。\n下期六等奖翻番奖奖金余额：332580000元。', 'z2add': '', 'm2add': '', 'prizegrades': [{'type': 1, 'typenum': '7', 'typemoney': '5279749'}, {'type': 2, 'typenum': '114', 'typemoney': '21472'}, {'type': 3, 'typenum': '2770', 'typemoney': '3000'}, {'type': 4, 'typenum': '128295', 'typemoney': '200'}, {'type': 5, 'typenum': '2150210', 'typemoney': '10'}, {'type': 6, 'typenum': '29721776', 'typemoney': '5'}, {'type': 7, 'typenum': '', 'typemoney': ''}]}, {'name': '双色球', 'code': '2020112', 'detailsLink': '/c/2020-11-10/476971.shtml', 'videoLink': '/c/2020-11-10/476970.shtml', 'date': '2020-11-10(二)', 'week': '二', 'red': '02,09,12,17,28,32', 'blue': '05', 'blue2': '', 'sales': '426910448', 'poolmoney': '802000209', 'content': '辽宁1注,上海2注,江苏1注,安徽1注,福建1注,山东2注,广东3注,四川1注,新疆1注,深圳1注,共14注。其中一等奖特别奖为：江苏1注,安徽1注,福建1注,山东1注,广东3注,新疆1注；一等奖普惠奖为：辽宁1注,上海2注,山东1注,四川1注,深圳1注。', 'addmoney': '', 'addmoney2': '', 'zj1': '8', 'mj1': '6250000', 'zj6': '7219050', 'mj6': '5', 'msg': '下期一等奖特别奖派奖金额：30000000元。\n下期一等奖普惠奖派奖金额：5000000元。\n下期六等奖翻番奖奖金余额：441628325元。', 'z2add': '', 'm2add': '', 'prizegrades': [{'type': 1, 'typenum': '14', 'typemoney': '6657801'}, {'type': 2, 'typenum': '263', 'typemoney': '110309'}, {'type': 3, 'typenum': '1611', 'typemoney': '3000'}, {'type': 4, 'typenum': '81233', 'typemoney': '200'}, {'type': 5, 'typenum': '1451162', 'typemoney': '10'}, {'type': 6, 'typenum': '11509761', 'typemoney': '5'}, {'type': 7, 'typenum': '', 'typemoney': ''}]}, {'name': '双色球', 'code': '2020111', 'detailsLink': '/c/2020-11-08/476857.shtml', 'videoLink': '/c/2020-11-08/476856.shtml', 'date': '2020-11-08(日)', 'week': '日', 'red': '06,09,17,22,24,26', 'blue': '16', 'blue2': '', 'sales': '459469274', 'poolmoney': '808174858', 'content': '安徽1注,广西1注,贵州1注,共3注。其中一等奖特别奖为：安徽1注；一等奖普惠奖为：广西1注,贵州1注。', 'addmoney': '', 'addmoney2': '', 'zj1': '1', 'mj1': '10000000', 'zj6': '4455285', 'mj6': '5', 'msg': '下期一等奖特别奖派奖金额：50000000元。\n下期一等奖普惠奖派奖金额：5000000元。\n下期六等奖翻番奖奖金余额：477723575元。', 'z2add': '', 'm2add': '', 'prizegrades': [{'type': 1, 'typenum': '3', 'typemoney': '10000000'}, {'type': 2, 'typenum': '106', 'typemoney': '365368'}, {'type': 3, 'typenum': '947', 'typemoney': '3000'}, {'type': 4, 'typenum': '64924', 'typemoney': '200'}, {'type': 5, 'typenum': '1399322', 'typemoney': '10'}, {'type': 6, 'typenum': '8080948', 'typemoney': '5'}, {'type': 7, 'typenum': '', 'typemoney': ''}]}, {'name': '双色球', 'code': '2020110', 'detailsLink': '/c/2020-11-05/476638.shtml', 'videoLink': '/c/2020-11-05/476637.shtml', 'date': '2020-11-05(四)', 'week': '四', 'red': '02,06,09,14,22,25', 'blue': '04', 'blue2': '', 'sales': '365150166', 'poolmoney': '721987721', 'content': '内蒙古1注,浙江1注,山东2注,河南2注,湖南1注,云南1注,陕西1注,共9注。', 'addmoney': '', 'addmoney2': '', 'msg': '下期一等奖特别奖派奖金额：30000000元。\n下期一等奖普惠奖派奖金额：5000000元。\n下期六等奖翻番奖奖金余额：500000000元。', 'z2add': '', 'm2add': '', 'prizegrades': [{'type': 1, 'typenum': '9', 'typemoney': '6744907'}, {'type': 2, 'typenum': '102', 'typemoney': '192453'}, {'type': 3, 'typenum': '2128', 'typemoney': '3000'}, {'type': 4, 'typenum': '83562', 'typemoney': '200'}, {'type': 5, 'typenum': '1488404', 'typemoney': '10'}, {'type': 6, 'typenum': '12484460', 'typemoney': '5'}, {'type': 7, 'typenum': '', 'typemoney': ''}]}]}